2028 3204
215 208 298 250 :31ss
650 219 708 253 IV.
744 219 793 254 De
826 222 956 254 natura
986 221 1023 254 et
1053 218 1183 265 origine
1213 218 1350 254 animae

213 344 253 386 in
305 343 391 386 loco
440 350 527 386 tam
574 349 719 386 sancto
771 349 814 386 et
860 343 1056 387 beatifico
1105 343 1365 400 peccaretur!
1420 345 1520 400 quid
1554 346 1663 401 quod
1697 346 1787 402 ipsa

213 409 451 451 exinanitur
500 409 667 451 omnino
715 410 1002 465 praescientia,
1052 410 1085 452 si
1134 411 1243 466 quod
1294 410 1525 465 praescitur
1566 422 1650 453 non
1681 410 1784 453 erit?

214 476 421 530 quomodo
471 475 579 517 enirn
626 480 738 517 recte
784 476 937 518 dicitur
983 476 1176 531 praesciri
1222 475 1425 526 futurum,
1466 476 1577 530 quod
1608 490 1693 519 non
1724 483 1788 519 est

216 539 433 582 futurum?
486 541 695 595 quomodo
746 554 840 596 ergo
888 541 1118 597 puniuntur
1163 545 1349 596 peccata,
1394 555 1500 597 quae
1528 542 1644 584 nulla
1673 547 1785 592 sunt,

215 606 253 647 id
288 611 350 647 est
384 619 489 661 quae
521 619 596 648 nec
627 607 719 648 uita
751 607 831 649 ista
869 608 1054 649 nondum
1076 607 1298 662 incipiente
1323 606 1543 649 commissa
1567 612 1666 650 sunt
1689 611 1787 650 ante

214 684 378 714 carnem
411 685 485 714 nec
519 676 651 714 morte
681 672 976 726 praeueniente
1006 677 1103 728 post
1135 671 1332 715 carnem?

303 754 427 798 XIII.
463 755 525 798 16.
575 754 668 797 Hoc
699 756 842 810 itaque
875 756 1072 807 medium,
1116 769 1166 797 ex
1209 769 1291 810 quo
1325 756 1466 798 anima
1494 756 1620 798 missa
1651 761 1712 798 est
1745 756 1787 798 in

215 833 394 872 earnem,
436 834 518 875 quo
561 833 691 875 usque
734 820 963 863 solueretur
996 836 1020 863 a·
1052 835 1186 872 carne,
1228 822 1425 876 quoniam
1452 821 1616 877 paruuli
1649 822 1789 863 anima

217 892 277 928 est.
327 900 400 929 nee
451 886 563 928 liberi
612 886 772 928 arbitrii
816 886 943 941 gessit
986 892 1182 936 aetatem,
1220 900 1304 929 non
1336 887 1498 929 inuenit
1530 886 1639 930 unde
1671 887 1787 928 dam-

217 957 383 994 naretur
415 966 499 994 non
531 957 725 1007 percepto
768 952 976 1008 baptismo
1010 952 1086 995 nisi
1120 952 1314 1007 originale
1347 958 1577 1007 peecatum.
1629 965 1679 995 ex
1711 953 1787 994 hoc

218 1023 389 1071 peccato
422 1017 529 1060 iuste
562 1017 753 1060 damnari
784 1019 968 1060 animam
999 1032 1082 1062 non
1117 1032 1327 1073 negamus,
1364 1018 1462 1073 quia
1494 1022 1665 1073 peceato
1693 1032 1787 1074 sup-

218 1083 385 1137 plioium
418 1083 483 1125 lex
515 1083 627 1125 iusta
668 1084 906 1134 constituit;
965 1084 1036 1127 sed
1070 1084 1121 1126 ad
1156 1085 1232 1126 hoc
1273 1089 1493 1139 peccatum
1525 1084 1786 1126 subeundum

217 1162 287 1190 eur
319 1150 521 1191 damnata
556 1149 609 1190 sit
643 1149 891 1203 quaerimus,
941 1149 975 1192 si
1006 1162 1089 1192 non
1120 1164 1170 1192 ex
1210 1148 1280 1191 illa
1318 1163 1402 1192 una
1442 1149 1635 1199 trahitur,
1681 1162 1787 1205 quae

219 1214 257 1255 in
287 1215 446 1268 generis
492 1215 660 1256 humani
709 1216 842 1270 primo
884 1218 1004 1269 patre
1045 1214 1247 1270 peccauit.
1298 1214 1567 1269 quamobrem
1612 1215 1644 1255 si
1686 1214 1787 1257 deus

219 1293 300 1321 non
333 1280 507 1322 damnat
541 1279 779 1323 innocentes
812 1294 886 1322 nec
922 1280 1023 1322 facit
1055 1286 1263 1330 nocentes,
1309 1293 1410 1335 quos
1443 1279 1640 1335 perspicit
1672 1280 1787 1323 inno-

218 1350 369 1397 eentes,
422 1351 462 1388 et
510 1346 542 1387 si
592 1346 750 1388 animas
798 1360 880 1389 non
929 1345 1079 1387 liberat
1126 1347 1212 1389 siue
1253 1345 1306 1387 ab
1348 1345 1613 1401 originalibus
1644 1346 1730 1387 siue
1764 1358 1789 1387 a

220 1412 391 1467 propriis
425 1412 605 1466 peccatis
638 1411 715 1453 nisi
756 1412 797 1453 in
840 1411 1010 1453 ecclesia
1039 1411 1191 1454 Christi
1232 1411 1463 1466 baptismus
1498 1411 1648 1454 Christi
1681 1415 1722 1452 et
1753 1411 1786 1452 si

219 1477 380 1519 animae
422 1482 518 1519 ante
561 1490 723 1520 carnem
767 1477 926 1519 nullum
959 1476 1195 1519 habuerunt
1228 1477 1395 1520 omnino
1427 1481 1644 1532 peccatum
1677 1480 1720 1518 et
1750 1476 1785 1517 si

219 1547 391 1597 peccata
418 1547 646 1597 antequam
678 1542 998 1585 committantur
1031 1547 1072 1585 et
1104 1542 1237 1585 multo
1267 1543 1397 1597 magis
1429 1555 1534 1597 quae
1561 1555 1790 1597 numquam

219 1608 438 1650 commissa
477 1614 574 1651 sunt
614 1608 805 1650 damnari
844 1608 957 1651 iusta
997 1608 1082 1662 lege
1125 1622 1207 1651 non
1250 1612 1438 1663 possunt,
1492 1607 1591 1649 nihil
1643 1607 1789 1650 horum

221 1678 421 1728 quattuor
462 1673 540 1716 iste
581 1673 692 1715 dicat
736 1678 790 1723 et,
834 1675 868 1715 si
899 1680 1052 1729 potest,
1088 1673 1278 1728 explicet,
1312 1673 1579 1729 paruulorum
1613 1673 1789 1723 animae,

221 1752 326 1793 quae
374 1740 460 1781 sine
509 1738 718 1794 baptismo
767 1743 963 1782 exeuntes
1011 1740 1054 1781 in
1085 1738 1399 1781 (lamnationem
1432 1739 1674 1788 mittuntur,
1711 1752 1791 1794 quo

221 1805 368 1847 merito
416 1805 457 1846 in
499 1816 663 1846 carnem
705 1805 990 1859 peccatricem,
1036 1817 1141 1860 quae
1184 1803 1285 1847 nihil
1318 1809 1609 1861 peccauerunt,
1644 1803 1792 1846 missae

220 1874 331 1921 sunt,
365 1875 412 1912 ut
444 1869 525 1912 illic
558 1870 790 1912 inuenirent
824 1875 1056 1925 peccatum,
1088 1874 1256 1926 propter
1294 1872 1403 1926 quod
1438 1868 1587 1911 merito
1619 1869 1791 1911 damna-

223 1941 376 1978 rentur.
437 1948 559 1990 porro
605 1935 638 1978 si
688 1940 888 1991 quattuor
937 1936 1020 1978 ista
1066 1935 1271 1985 deuitans,
1323 1948 1428 1991 quae
1470 1948 1572 1978 sana
1602 1934 1794 1977 doctrina

222 2001 486 2050 condemnat,
536 2001 576 2042 id
629 2006 689 2042 est
739 2002 772 2043 si
816 2015 898 2044 non
942 2003 1096 2043 audens
1131 2002 1264 2043 dicere
1296 2000 1363 2043 uel
1390 2000 1478 2044 sine
1508 1999 1591 2042 ullo
1621 2002 1791 2055 peccato

222 2067 469 2109 exsistentes
495 2081 520 2109 a
545 2068 622 2113 deo
646 2066 736 2108 fieri
764 2066 923 2109 animas
955 2067 1206 2122 peccatrices
1247 2070 1322 2109 aut
1353 2067 1440 2108 sine
1472 2065 1625 2108 Christi
1658 2077 1791 2107 sacra-

222 2136 363 2173 mento
384 2132 426 2174 in
448 2132 503 2173 eis
526 2131 629 2174 solui
651 2131 844 2187 originale
867 2137 1083 2188 peccatum
1105 2137 1179 2174 aut
1199 2145 1267 2174 eas
1286 2131 1436 2174 alicubi
1454 2144 1656 2187 peccasse,
1676 2134 1791 2172 ante-

320 2297 363 2332 28
380 2298 423 2332 cf.
443 2307 520 2343 pag.
537 2298 612 2338 314,
633 2298 675 2332 23

315 2411 331 2444 1
347 2410 552 2445 beatificato
565 2411 596 2445 E
667 2412 898 2456 peccarentur
910 2409 942 2443 B
959 2412 1189 2456 peccarentur
1201 2410 1230 2444 C
1243 2409 1280 2454 (n
1295 2409 1365 2453 s.l.)
1433 2410 1455 2445 3
1471 2407 1788 2453 enim—quomodo

224 2470 326 2505 om.E
440 2469 611 2515 praesciG
717 2470 739 2505 9
761 2469 915 2504 arbritrii
935 2470 967 2504 A
1071 2468 1164 2515 gessi
1181 2470 1213 2504 Α
1321 2470 1420 2514 etate
1433 2468 1477 2502 M
1568 2469 1610 2503 12
1631 2467 1704 2502 sed.
1722 2470 1741 2502 ὃ
1759 2466 1788 2501 C

228 2531 267 2564 14
283 2529 448 2564 humanis
460 2529 502 2563 M
559 2530 600 2564 16
616 2528 850 2575 origenalibus
859 2530 888 2565 G
948 2531 988 2565 17
1003 2529 1187 2575 baptismii
1197 2529 1240 2563 M
1261 2539 1322 2574 per
1333 2527 1517 2574 baptisma
1527 2527 1560 2562 D
1572 2527 1650 2573 (per
1661 2526 1788 2570 s.1.m2)

228 2588 270 2624 18
283 2589 461 2624 abuerunt
472 2590 502 2624 A
596 2590 637 2625 19
651 2590 688 2624 et
698 2590 798 2624 om.A
891 2590 933 2624 20
949 2588 1051 2624 iaxta
1064 2588 1094 2624 0
1183 2587 1299 2633 legem
1310 2587 1344 2622 D
1447 2585 1636 2623 nihilomm
1649 2585 1783 2622 AMml

224 2649 263 2683 21
283 2651 436 2694 quatuor
449 2649 516 2684 ΑΕ
583 2648 652 2683 iste
665 2647 764 2683 dicit.
782 2647 832 2683 Et
840 2658 906 2693 sqq.
919 2649 938 2683 b
1002 2647 1052 2683 sic
1063 2648 1107 2682 M
1177 2648 1221 2683 22
1235 2648 1386 2682 exuntcs
1398 2647 1432 2682 A
1502 2644 1731 2682 damnatione
1743 2644 1785 2679 M

224 2709 266 2744 23
286 2718 387 2743 carne
400 2709 431 2743 F
535 2707 729 2755 peccatrice
739 2708 770 2743 F
877 2710 1110 2753 peccauerunt
1120 2707 1197 2742 EM
1297 2706 1340 2742 24
1355 2709 1440 2742 *αυτ
1449 2705 1480 2742 G
1568 2703 1747 2740 inueniat
1755 2703 1789 2739 D

223 2770 258 2802 et
275 2763 459 2813 peccatum
470 2768 514 2802 M
597 2767 640 2804 25
652 2767 689 2803 in
704 2765 913 2813 quattuorc
958 2782 961 2785 ·
986 2765 1143 2802 diuitans
1155 2766 1196 2801 M
1282 2765 1326 2801 26
1340 2764 1472 2802 audeas
1482 2764 1577 2800 ΑΓΘ
1591 2764 1724 2800 audeat
1737 2761 1788 2799 Bb

225 2826 350 2863 audias
364 2827 393 2862 C
407 2827 545 2863 andans
555 2828 584 2862 G'
671 2826 734 2862 illo
745 2826 779 2861 D
866 2826 907 2862 27
924 2825 1115 2861 existentes
1130 2824 1327 2862 BC'EFGM
1420 2824 1466 2860 28
1477 2825 1555 2860 ante
1569 2823 1606 2860 in
1618 2834 1695 2868 exp.
1711 2822 1749 2858 in
1758 2822 1789 2859 G

1818 963 1856 992 10

1818 1290 1854 1319 15

1818 1618 1860 1647 20

1819 1945 1859 1974 25
