2028 3204
265 199 346 240 610

312 331 379 353 non
398 319 463 354 nisi
476 319 519 353 ad
535 323 718 363 peccatum
734 316 827 350 ualet
845 315 950 357 1516,
965 316 1018 350 24.

315 380 387 417 157,
423 380 472 413 19.
506 378 540 411 in
572 377 648 422 ipso
680 375 820 410 nomine
850 374 910 410 lib.
943 374 1018 409 arb.

312 438 510 472 libertatem
546 446 669 470 sonare
707 435 721 468 l
757 436 834 475 209,
871 435 922 469 12.
958 444 1020 479 per

311 497 461 541 gratiam
491 506 560 529 non
589 500 784 529 euacuatur
815 493 828 528 I
858 494 935 534 208,
966 493 1018 528 18.

313 556 369 590 lib.
396 556 469 590 arb.
496 555 599 589 (lcum
626 553 827 588 hominibus
852 563 921 587 non
946 552 1021 587 adi-

313 626 404 649 mere
437 614 450 648 I
482 614 558 655 216,
589 614 643 648 20.

268 675 404 708 litterae
432 673 686 708 ecclesiasticae
717 672 731 706 I
763 672 836 713 138,
867 672 918 707 13.
948 681 1021 705 sae-

313 734 445 767 culares
462 733 475 767 l
489 734 565 774 233,
580 734 610 767 7.
625 731 695 767 litt.
709 731 876 777 magister
891 730 905 764 I
919 731 974 772 55,
988 730 1019 764 6.

314 794 389 829 269,
419 794 469 827 15.
499 792 533 826 II
558 793 636 833 302,
662 793 693 826 4.

273 853 396 886 Lucas:
424 852 518 898 ipsos
543 851 777 896 euangelistas
803 850 959 884 Marcum
986 852 1022 883 et

316 912 444 946 Lucam
467 911 668 956 baptizatos
689 921 763 944 esse
784 921 854 944 non
875 909 1022 954 legimus

318 971 331 1005 1
357 972 434 1012 3⁴39,
461 972 513 1006 27.

272 1089 453 1124 Machabei
472 1089 507 1123 in
526 1089 658 1134 proelio
678 1087 872 1122 cadentes]
890 1088 968 1128 350,
988 1087 1019 1122 6.

317 1149 429 1183 Mar-h.
462 1148 630 1183 iuuenum
663 1151 777 1182 mater
812 1147 825 1181 I
858 1148 935 1188 322,
970 1148 1022 1182 11.

316 1210 394 1249 323,
420 1208 474 1242 25.

273 1267 525 1312 mancipiorum
552 1266 755 1301 aestimatio
782 1266 797 1300 I
822 1267 877 1308 66,
904 1267 956 1301 16.

273 1327 492 1361 Marcellinus
522 1327 635 1373 (cuius
666 1329 781 1372 roqalu
811 1326 1027 1371 Augustinus

317 1387 419 1421 libros
448 1386 497 1420 De
525 1389 735 1430 peccalorum
762 1386 894 1420 meritis
921 1388 949 1419 el
978 1385 1028 1419 De

318 1446 445 1490 spiritu
460 1448 488 1480 el
498 1445 610 1480 littera
619 1445 772 1491 scripsit)
787 1444 845 1487 13,
860 1446 892 1480 5.
905 1446 960 1487 71,
973 1446 1025 1479 11.

322 1506 396 1546 128,
428 1507 479 1540 13.
512 1506 586 1547 155,
616 1506 646 1540 2.
677 1505 754 1547 242,
785 1506 837 1540 13.
867 1505 942 1546 252,
974 1505 1024 1539 17.

324 1565 356 1599 ll
383 1566 436 1606 78,
463 1566 516 1599 25.

275 1624 429 1659 Marcion
454 1624 468 1659 I
489 1625 565 1665 510,
588 1625 618 1659 2.
644 1624 679 1659 11
701 1625 753 1665 12,
777 1625 828 1659 12.
850 1624 905 1665 67,
927 1623 981 1659 15.

276 1684 428 1718 Marcus:
455 1685 498 1727 cl.
524 1684 636 1718 Lucas
663 1683 679 1718 1
703 1684 781 1725 369,
807 1684 860 1718 27.

277 1744 506 1778 Mardocheus
534 1743 549 1778 l
574 1745 650 1785 263,
678 1744 730 1778 19.

277 1803 387 1837 Maria
412 1803 425 1837 I
450 1803 524 1844 118,
549 1804 599 1838 18.
623 1803 700 1845 263,
722 1803 775 1838 20.
798 1803 851 1837 24.
873 1802 951 1843 425,
974 1802 1026 1836 17.

324 1862 360 1897 II
384 1863 460 1904 267,
487 1863 539 1897 22.
565 1862 660 1897 filius
684 1862 815 1897 Mariae
839 1862 967 1896 liberat
993 1860 1029 1895 11

324 1923 400 1963 202,
427 1923 480 1957 29.

280 1982 419 2015 Martha
446 1981 462 2016 1
485 1982 564 2023 513,
591 1983 643 2016 17.

280 2048 463 2086 martyres,
483 2041 611 2086 quibus
629 2040 780 2086 contigit
796 2044 880 2075 ante
898 2039 1032 2085 baptis·

325 2111 420 2134 mum
463 2111 526 2146 pro
568 2100 698 2135 Christi
738 2100 879 2134 nomine
921 2098 1033 2134 occidi

330 2159 342 2193 l
365 2160 442 2200 352,
466 2161 496 2194 7.
520 2159 672 2194 uisiones
694 2163 891 2204 martyrum
916 2158 933 2193 Ι
954 2158 1032 2200 405,

329 2219 379 2253 18.
438 2223 586 2253 mortem
630 2219 847 2264 martyribus
890 2228 1032 2253 causam

327 2277 562 2323 praemiorum
571 2289 644 2312 esse
655 2278 739 2313 1521
748 2306 755 2319 ,
767 2279 876 2322 10;cs.
888 2279 966 2319 412,
978 2278 1032 2312 27.

283 2340 396 2371 mater
417 2337 573 2379 ecclesia,
596 2348 686 2382 quae
709 2348 766 2372 cor
788 2341 825 2372 et
846 2348 884 2372 os
905 2340 1035 2371 mater-

329 2407 413 2431 num
450 2396 607 2442 paruulis
643 2399 813 2442 praestat,
850 2400 892 2431 ut
928 2395 1035 2431 sacris

329 2455 506 2501 mysteriis
532 2455 727 2490 inbuantur
758 2455 772 2490 I
801 2457 856 2497 37,
885 2455 917 2490 5.

286 2515 518 2550 Mathusalem
543 2514 604 2560 qui
624 2515 662 2549 in
685 2525 766 2549 arca
788 2525 859 2550 non
883 2514 953 2549 fuit
974 2513 1036 2549 ubi

331 2574 489 2620 potuerit
517 2573 636 2609 uiuere
670 2573 706 2608 ΙΙ
739 2574 814 2616 186,
848 2574 900 2609 15.

288 2633 563 2669 matrimoniales
589 2633 747 2669 tabulae:
776 2637 818 2668 ut
843 2633 1036 2668 secundum

332 2693 608 2728 matrimoniales
657 2692 798 2728 tabulas
848 2702 920 2727 non
969 2691 1037 2726 nisi

332 2751 518 2787 liberorum
532 2752 824 2798 procreandorum
839 2761 945 2787 causa
957 2761 1037 2786 con-

333 2811 503 2847 cumbant
528 2811 564 2849 11
587 2812 664 2855 215,
688 2812 742 2847 24.
766 2811 843 2853 201,
869 2811 921 2846 16.

755 199 799 233 ll.
829 197 938 233 Index
962 196 1145 232 nominum
1169 200 1206 232 et
1229 206 1344 231 rerum

1093 313 1235 350 medici:
1272 324 1342 348 non
1376 312 1531 348 medicos
1564 312 1748 359 empiricos
1782 323 1847 348 nec

1138 373 1357 408 anatomicos
1405 383 1468 408 nec
1515 371 1735 418 dogmaticos
1782 383 1846 407 nec

1138 432 1357 467 methodicos
1380 431 1467 468 scire
1492 431 1507 466 I
1529 432 1608 474 388,
1632 432 1685 467 12.

1093 491 1320 527 medietatem
1340 491 1518 537 quandam
1537 491 1702 526 tribuunt
1718 501 1848 537 paruu-

1138 551 1181 586 lis
1208 562 1279 586 non
1307 550 1500 597 baptizatis
1530 551 1546 586 I
1572 551 1628 593 54,
1658 552 1711 586 11.

1094 610 1247 646 Melania
1273 610 1308 645 II
1336 611 1411 652 125,
1437 611 1468 646 7.

1095 670 1339 705 Melchisedec:
1353 681 1374 704 a
1385 669 1612 705 Melchisedec
1624 669 1694 704 iam
1707 669 1850 704 fuerant

1139 729 1306 764 decimati
1348 729 1362 763 Ι
1404 731 1479 771 111,
1520 730 1579 769 20;
1620 728 1636 764 I
1676 729 1753 771 263,
1794 729 1847 764 16.

1140 788 1383 824 testimonium
1391 788 1556 824 fidelibus
1566 788 1714 834 protulit
1728 787 1848 828 11192‚

1141 850 1194 884 24.

1096 919 1210 943 mens:
1233 911 1388 943 mentem
1410 911 1568 943 nostram
1589 907 1658 942 nisi
1678 906 1850 942 rationale

1141 970 1177 1002 et
1198 967 1436 1003 intellectuale
1458 970 1619 1002 nostrum
1642 967 1756 1002 dicere
1779 976 1849 1000 non

1141 1027 1293 1062 solemus
1308 1027 1415 1069 1414,
1431 1028 1482 1063 13.
1498 1026 1681 1061 rationalis
1696 1026 1779 1067 167,
1796 1026 1850 1061 10.

1098 1087 1253 1122 Micheas
1280 1086 1295 1121 1
1321 1087 1397 1128 263,
1424 1087 1476 1122 18.

1097 1146 1273 1181 minister:
1289 1146 1405 1181 nullus
1418 1150 1537 1181 autem
1550 1145 1587 1180 in
1601 1145 1745 1180 ecclesia
1758 1148 1852 1179 recte

1143 1210 1263 1252 posset
1284 1206 1438 1240 ordinari
1460 1205 1630 1247 minister,
1654 1205 1683 1239 si
1704 1203 1853 1239 dixisset

1144 1265 1341 1311 apostolus:
1384 1265 1424 1299 ‘si
1463 1265 1543 1311 quis
1580 1264 1655 1299 sine
1694 1265 1852 1310 peccato*

1148 1324 1163 1359 Ι
1176 1326 1254 1366 447,
1267 1326 1298 1360 6.
1325 1325 1463 1370 Moyses
1476 1324 1682 1359 testamenti
1693 1323 1855 1358 minister

1146 1384 1276 1419 ueteris
1302 1384 1317 1418 l
1342 1385 1419 1426 497,
1446 1385 1498 1419 18.

1101 1444 1222 1479 Misael
1250 1443 1265 1478 I
1290 1445 1367 1486 263,
1394 1444 1446 1479 19.

1101 1504 1309 1539 monachus:
1327 1503 1440 1538 inlata
1457 1506 1509 1538 est
1527 1502 1656 1538 heresis
1672 1513 1692 1536 a
1709 1501 1855 1547 quibus-

1146 1564 1228 1598 dam
1266 1563 1377 1598 ueluti
1414 1562 1595 1597 monachis
1633 1561 1668 1596 11
1707 1562 1782 1603 116,
1820 1562 1853 1596 2.

1101 1622 1316 1657 monasteria
1342 1622 1377 1657 Il
1404 1623 1479 1664 121,
1505 1623 1558 1657 26.

1100 1686 1220 1717 motus
1247 1692 1317 1716 non
1347 1685 1461 1717 cessat
1486 1681 1524 1715 in
1553 1681 1667 1722 corde,
1697 1680 1790 1715 unde
1818 1690 1856 1714 se

1146 1742 1266 1787 pulsus
1283 1741 1456 1776 diffundit
1477 1750 1728 1786 usquequaque
1748 1750 1853 1774 uena-

1145 1812 1221 1836 rum
1250 1800 1265 1835 I
1289 1801 1366 1842 388,
1391 1801 1422 1835 5.

1102 1861 1256 1906 Moyses:
1273 1860 1328 1895 lex
1343 1859 1475 1906 scripta
1488 1870 1550 1905 per
1564 1859 1709 1904 Moysen
1724 1858 1856 1904 populo

1148 1920 1235 1955 data
1261 1919 1276 1954 I
1302 1921 1356 1961 13,
1383 1921 1435 1955 13.
1462 1919 1516 1961 92,
1541 1920 1573 1954 4.
1599 1929 1643 1953 ex
1668 1922 1857 1964 praecepto

1149 1979 1283 2014 domini
1302 1978 1477 2014 exaltauit
1494 1978 1531 2012 in
1550 1978 1688 2013 deserto
1707 1987 1854 2012 aeneum

1150 2042 1347 2084 serpentem
1374 2038 1389 2072 1
1411 2039 1467 2080 62,
1492 2040 1522 2073 1.
1548 2037 1623 2079 115,
1646 2038 1678 2072 3.
1702 2036 1856 2083 populus

1150 2109 1211 2144 per
1225 2098 1370 2143 Moysen
1384 2098 1593 2143 deprecatus
1606 2100 1659 2131 est
1673 2095 1855 2131 dominum

1153 2157 1169 2192 I
1182 2158 1242 2200 6l‚'
1252 2158 1305 2193 29.
1321 2161 1425 2192 uetus
1438 2159 1691 2192 testamentum
1704 2155 1741 2190 in
1755 2155 1858 2201 quin-

1151 2228 1220 2263 que
1246 2216 1360 2263 Moysi
1385 2215 1483 2251 libris
1508 2215 1649 2251 excellit
1675 2214 1692 2249 I
1719 2215 1796 2256 126,
1823 2215 1857 2249 9.

1151 2277 1262 2322 legem
1314 2275 1584 2311 ministrandam
1638 2274 1768 2320 populo
1819 2273 1858 2308 in

1151 2339 1273 2371 monte
1288 2334 1426 2381 accepit
1441 2334 1457 2369 Ι
1474 2335 1550 2376 176,
1564 2335 1620 2369 27.
1638 2333 1714 2375 182,
1730 2334 1762 2369 9.
1778 2333 1859 2375 458,

1153 2396 1207 2430 24.
1226 2395 1304 2444 494,
1325 2395 1377 2430 13.
1396 2394 1474 2436 523,
1494 2395 1548 2429 14.
1570 2393 1606 2428 II
1622 2393 1702 2434 300,
1722 2391 1859 2430 lrcele-

1152 2453 1270 2490 bratio
1307 2454 1458 2500 paschae
1496 2463 1559 2499 per
1597 2452 1742 2497 Moysen
1780 2450 1860 2486 fieri

1152 2517 1342 2560 praecepta
1363 2513 1379 2547 I
1401 2513 1477 2554 182,
1496 2513 1528 2548 6.
1550 2511 1617 2547 filii
1635 2510 1768 2546 Israhel
1786 2520 1860 2545 non

1153 2576 1320 2619 poterant
1358 2571 1542 2607 intendere
1582 2570 1705 2606 uultus
1744 2568 1861 2615 Moysi

1156 2631 1173 2667 1
1203 2633 1279 2674 183,
1310 2632 1364 2667 19.
1393 2631 1533 2677 Moyses
1560 2629 1767 2666 testamenti
1794 2628 1862 2663 mi-

1154 2691 1264 2726 nister
1282 2690 1424 2733 ueteris,
1444 2690 1543 2725 heres
1561 2688 1648 2724 noui
1668 2688 1685 2724 1
1703 2688 1782 2731 497,
1803 2687 1858 2723 18.

1155 2753 1409 2786 testamentum
1434 2751 1539 2785 uetus
1562 2748 1609 2784 ad
1633 2746 1749 2794 Moysi
1772 2746 1861 2782 rela-

1154 2814 1231 2845 tum
1242 2808 1476 2844 ministerium
1490 2807 1592 2851 1498,
1603 2808 1657 2844 21.
1669 2806 1714 2842 de
1720 2805 1862 2842 Christo
