<?xml version="1.0" encoding="UTF-8"?>
<!DOCTYPE html PUBLIC "-//W3C//DTD XHTML 1.0 Transitional//EN"
    "http://www.w3.org/TR/xhtml1/DTD/xhtml1-transitional.dtd">
<html xmlns="http://www.w3.org/1999/xhtml" xml:lang="en" lang="en">
 <head>
  <title>
</title>
<meta http-equiv="Content-Type" content="text/html;charset=utf-8" />
  <meta name='ocr-system' content='tesseract 3.04.00' />
  <meta name='ocr-capabilities' content='ocr_page ocr_carea ocr_par ocr_line ocrx_word'/>
</head>
<body>
  <div class='ocr_page' id='page_1' title='image "./corpusscriptorum60auguuoft_0493.png"; bbox 0 0 2028 3204; ppageno 0'>
   <div class='ocr_carea' id='block_1_1' title="bbox 94 946 135 975">
    <p class='ocr_par' dir='ltr' id='par_1_1' title="bbox 94 946 135 975">
     <span class='ocr_line' id='line_1_1' title="bbox 94 946 135 975; baseline 0 0"><span class='ocrx_word' id='word_1_1' title='bbox 94 946 135 975; x_wconf 82' lang='lat'>10</span> 
     </span>
    </p>
   </div>
   <div class='ocr_carea' id='block_1_2' title="bbox 95 1275 133 1304">
    <p class='ocr_par' dir='ltr' id='par_1_2' title="bbox 95 1275 133 1304">
     <span class='ocr_line' id='line_1_2' title="bbox 95 1275 133 1304; baseline 0 0"><span class='ocrx_word' id='word_1_2' title='bbox 95 1275 133 1304; x_wconf 84' lang='lat'>15</span> 
     </span>
    </p>
   </div>
   <div class='ocr_carea' id='block_1_3' title="bbox 92 1604 136 1634">
    <p class='ocr_par' dir='ltr' id='par_1_3' title="bbox 92 1604 136 1634">
     <span class='ocr_line' id='line_1_3' title="bbox 92 1604 136 1634; baseline -0.045 0"><span class='ocrx_word' id='word_1_3' title='bbox 92 1604 136 1634; x_wconf 84' lang='lat'>20</span> 
     </span>
    </p>
   </div>
   <div class='ocr_carea' id='block_1_4' title="bbox 93 1933 134 1962">
    <p class='ocr_par' dir='ltr' id='par_1_4' title="bbox 93 1933 134 1962">
     <span class='ocr_line' id='line_1_4' title="bbox 93 1933 134 1962; baseline 0 0"><span class='ocrx_word' id='word_1_4' title='bbox 93 1933 134 1962; x_wconf 82' lang='lat'>25</span> 
     </span>
    </p>
   </div>
   <div class='ocr_carea' id='block_1_5' title="bbox 741 206 1741 257">
    <p class='ocr_par' dir='ltr' id='par_1_5' title="bbox 741 206 1741 257">
     <span class='ocr_line' id='line_1_5' title="bbox 741 206 1741 257; baseline 0.002 -7"><span class='ocrx_word' id='word_1_5' title='bbox 741 214 830 250; x_wconf 69' lang='lat' dir='ltr'>nber</span> <span class='ocrx_word' id='word_1_6' title='bbox 863 214 899 250; x_wconf 93' lang='lat'>11</span> <span class='ocrx_word' id='word_1_7' title='bbox 931 214 964 257; x_wconf 84' lang='lat'>2,</span> <span class='ocrx_word' id='word_1_8' title='bbox 997 215 1095 256; x_wconf 85' lang='lat'><strong>2-3‚</strong></span> <span class='ocrx_word' id='word_1_9' title='bbox 1127 215 1148 249; x_wconf 87' lang='lat'>5</span> <span class='ocrx_word' id='word_1_10' title='bbox 1661 206 1741 252; x_wconf 77' lang='grc'>463</span> 
     </span>
    </p>
   </div>
   <div class='ocr_carea' id='block_1_6' title="bbox 160 341 1743 2107">
    <p class='ocr_par' dir='ltr' id='par_1_6' title="bbox 160 341 1740 727">
     <span class='ocr_line' id='line_1_6' title="bbox 162 341 1740 400; baseline 0.001 -14"><span class='ocrx_word' id='word_1_11' title='bbox 162 343 312 386; x_wconf 90' lang='lat' dir='ltr'>dorum</span> <span class='ocrx_word' id='word_1_12' title='bbox 365 342 477 385; x_wconf 74' lang='lat' dir='ltr'>carni</span> <span class='ocrx_word' id='word_1_13' title='bbox 527 341 800 397; x_wconf 76' lang='lat' dir='ltr'><strong>redemptoris</strong></span> <span class='ocrx_word' id='word_1_14' title='bbox 855 341 1088 396; x_wconf 83' lang='lat' dir='ltr'>aequando.</span> <span class='ocrx_word' id='word_1_15' title='bbox 1140 349 1358 397; x_wconf 83' lang='lat' dir='ltr'>propterea</span> <span class='ocrx_word' id='word_1_16' title='bbox 1421 344 1575 400; x_wconf 88' lang='lat' dir='ltr'>quippe</span> <span class='ocrx_word' id='word_1_17' title='bbox 1617 353 1740 387; x_wconf 76' lang='lat' dir='ltr'>natus</span> 
     </span>
     <span class='ocr_line' id='line_1_7' title="bbox 160 407 1740 463; baseline 0.001 -11"><span class='ocrx_word' id='word_1_18' title='bbox 160 414 225 452; x_wconf 87' lang='lat' dir='ltr'>est</span> <span class='ocrx_word' id='word_1_19' title='bbox 260 407 449 451; x_wconf 87' lang='lat' dir='ltr'>Christus</span> <span class='ocrx_word' id='word_1_20' title='bbox 495 420 577 450; x_wconf 91' lang='lat' dir='ltr'>non</span> <span class='ocrx_word' id='word_1_21' title='bbox 616 407 762 463; x_wconf 87' lang='lat' dir='ltr'>utique</span> <span class='ocrx_word' id='word_1_22' title='bbox 805 407 846 449; x_wconf 88' lang='lat' dir='ltr'>in</span> <span class='ocrx_word' id='word_1_23' title='bbox 899 419 1020 449; x_wconf 88' lang='lat' dir='ltr'>carne</span> <span class='ocrx_word' id='word_1_24' title='bbox 1060 408 1234 462; x_wconf 88' lang='lat' dir='ltr'>peccati,</span> <span class='ocrx_word' id='word_1_25' title='bbox 1276 409 1345 450; x_wconf 88' lang='lat' dir='ltr'>sed</span> <span class='ocrx_word' id='word_1_26' title='bbox 1387 409 1429 451; x_wconf 88' lang='lat' dir='ltr'>in</span> <span class='ocrx_word' id='word_1_27' title='bbox 1468 410 1740 453; x_wconf 86' lang='lat' dir='ltr'>similitudine</span> 
     </span>
     <span class='ocr_line' id='line_1_8' title="bbox 161 473 1736 531; baseline 0.001 -14"><span class='ocrx_word' id='word_1_28' title='bbox 161 473 295 517; x_wconf 83' lang='lat' dir='ltr'>carnis</span> <span class='ocrx_word' id='word_1_29' title='bbox 333 473 508 530; x_wconf 86' lang='lat' dir='ltr'>peccati,</span> <span class='ocrx_word' id='word_1_30' title='bbox 547 473 646 529; x_wconf 83' lang='lat' dir='ltr'>quia</span> <span class='ocrx_word' id='word_1_31' title='bbox 690 478 921 516; x_wconf 85' lang='lat' dir='ltr'>ceterorum</span> <span class='ocrx_word' id='word_1_32' title='bbox 956 473 1171 515; x_wconf 89' lang='lat' dir='ltr'>hominum</span> <span class='ocrx_word' id='word_1_33' title='bbox 1210 474 1393 516; x_wconf 84' lang='lat' dir='ltr'>nascitur</span> <span class='ocrx_word' id='word_1_34' title='bbox 1431 488 1525 517; x_wconf 81' lang='lat' dir='ltr'>caro</span> <span class='ocrx_word' id='word_1_35' title='bbox 1565 477 1736 531; x_wconf 86' lang='lat' dir='ltr'>peccati.</span> 
     </span>
     <span class='ocr_line' id='line_1_9' title="bbox 162 538 1739 594; baseline 0.001 -11"><span class='ocrx_word' id='word_1_36' title='bbox 162 539 367 583; x_wconf 84' lang='lat' dir='ltr'>Manichei</span> <span class='ocrx_word' id='word_1_37' title='bbox 397 552 492 594; x_wconf 86' lang='lat' dir='ltr'>ergo</span> <span class='ocrx_word' id='word_1_38' title='bbox 517 552 685 581; x_wconf 89' lang='lat' dir='ltr'>omnem</span> <span class='ocrx_word' id='word_1_39' title='bbox 722 551 888 581; x_wconf 83' lang='lat' dir='ltr'>carnem</span> <span class='ocrx_word' id='word_1_40' title='bbox 914 538 1078 593; x_wconf 89' lang='lat' dir='ltr'>penitus</span> <span class='ocrx_word' id='word_1_41' title='bbox 1110 539 1368 582; x_wconf 88' lang='lat' dir='ltr'>detestantes</span> <span class='ocrx_word' id='word_1_42' title='bbox 1401 540 1594 585; x_wconf 82' lang='lat' dir='ltr'>auferunt</span> <span class='ocrx_word' id='word_1_43' title='bbox 1628 544 1739 585; x_wconf 87' lang='lat' dir='ltr'>carni</span> 
     </span>
     <span class='ocr_line' id='line_1_10' title="bbox 163 604 1739 660; baseline 0.002 -12"><span class='ocrx_word' id='word_1_44' title='bbox 163 604 315 648; x_wconf 85' lang='lat' dir='ltr'>Christi</span> <span class='ocrx_word' id='word_1_45' title='bbox 371 605 630 660; x_wconf 83' lang='lat' dir='ltr'>perspicuam</span> <span class='ocrx_word' id='word_1_46' title='bbox 675 604 910 655; x_wconf 85' lang='lat' dir='ltr'>ueritatem,</span> <span class='ocrx_word' id='word_1_47' title='bbox 969 604 1174 659; x_wconf 77' lang='lat' dir='ltr'>Pelagiani</span> <span class='ocrx_word' id='word_1_48' title='bbox 1228 618 1324 647; x_wconf 83' lang='lat' dir='ltr'>uero</span> <span class='ocrx_word' id='word_1_49' title='bbox 1373 606 1527 648; x_wconf 91' lang='lat' dir='ltr'>nullam</span> <span class='ocrx_word' id='word_1_50' title='bbox 1575 621 1739 651; x_wconf 90' lang='lat' dir='ltr'>earnem</span> 
     </span>
     <span class='ocr_line' id='line_1_11' title="bbox 162 669 1735 727; baseline 0.001 -13"><span class='ocrx_word' id='word_1_51' title='bbox 162 671 323 727; x_wconf 83' lang='lat' dir='ltr'>peccati</span> <span class='ocrx_word' id='word_1_52' title='bbox 340 671 453 713; x_wconf 90' lang='lat' dir='ltr'>nasci</span> <span class='ocrx_word' id='word_1_53' title='bbox 470 676 699 713; x_wconf 83' lang='lat' dir='ltr'>asserentes</span> <span class='ocrx_word' id='word_1_54' title='bbox 717 669 912 712; x_wconf 82' lang='lat' dir='ltr'>auferunt</span> <span class='ocrx_word' id='word_1_55' title='bbox 936 670 1047 712; x_wconf 88' lang='lat' dir='ltr'>carni</span> <span class='ocrx_word' id='word_1_56' title='bbox 1065 670 1214 713; x_wconf 65' lang='lat' dir='ltr'>(fhristi</span> <span class='ocrx_word' id='word_1_57' title='bbox 1241 672 1448 726; x_wconf 81' lang='lat' dir='ltr'>propriam</span> <span class='ocrx_word' id='word_1_58' title='bbox 1473 673 1735 727; x_wconf 86' lang='lat' dir='ltr'>dignitatem.</span> 
     </span>
    </p>

    <p class='ocr_par' dir='ltr' id='par_1_7' title="bbox 163 735 1740 1384">
     <span class='ocr_line' id='line_1_12' title="bbox 270 735 1738 792; baseline 0.001 -13"><span class='ocrx_word' id='word_1_59' title='bbox 270 738 307 780; x_wconf 78' lang='lat'>4.</span> <span class='ocrx_word' id='word_1_60' title='bbox 328 737 533 779; x_wconf 82' lang='lat' dir='ltr'>Desinant</span> <span class='ocrx_word' id='word_1_61' title='bbox 552 736 695 792; x_wconf 88' lang='lat' dir='ltr'>itaque</span> <span class='ocrx_word' id='word_1_62' title='bbox 712 736 924 791; x_wconf 85' lang='lat' dir='ltr'>Pelagiani</span> <span class='ocrx_word' id='word_1_63' title='bbox 941 735 1155 778; x_wconf 83' lang='lat' dir='ltr'>catholicis</span> <span class='ocrx_word' id='word_1_64' title='bbox 1174 737 1381 779; x_wconf 86' lang='lat' dir='ltr'>obiectare</span> <span class='ocrx_word' id='word_1_65' title='bbox 1400 739 1509 792; x_wconf 85' lang='lat' dir='ltr'>quod</span> <span class='ocrx_word' id='word_1_66' title='bbox 1528 752 1607 780; x_wconf 92' lang='lat' dir='ltr'>non</span> <span class='ocrx_word' id='word_1_67' title='bbox 1627 747 1738 787; x_wconf 81' lang='lat' dir='ltr'>sunt,</span> 
     </span>
     <span class='ocr_line' id='line_1_13' title="bbox 163 801 1739 858; baseline 0.002 -13"><span class='ocrx_word' id='word_1_68' title='bbox 163 803 233 845; x_wconf 89' lang='lat' dir='ltr'>sed</span> <span class='ocrx_word' id='word_1_69' title='bbox 260 803 338 858; x_wconf 89' lang='lat' dir='ltr'>ipsi</span> <span class='ocrx_word' id='word_1_70' title='bbox 364 802 504 858; x_wconf 90' lang='lat' dir='ltr'>potius</span> <span class='ocrx_word' id='word_1_71' title='bbox 533 802 733 845; x_wconf 81' lang='lat' dir='ltr'>festinent</span> <span class='ocrx_word' id='word_1_72' title='bbox 759 801 979 844; x_wconf 86' lang='lat' dir='ltr'>emendare</span> <span class='ocrx_word' id='word_1_73' title='bbox 1006 802 1117 857; x_wconf 90' lang='lat' dir='ltr'>quod</span> <span class='ocrx_word' id='word_1_74' title='bbox 1144 808 1260 852; x_wconf 87' lang='lat' dir='ltr'>sunt;</span> <span class='ocrx_word' id='word_1_75' title='bbox 1299 816 1372 845; x_wconf 88' lang='lat' dir='ltr'>nec</span> <span class='ocrx_word' id='word_1_76' title='bbox 1401 803 1492 846; x_wconf 89' lang='lat' dir='ltr'>ideo</span> <span class='ocrx_word' id='word_1_77' title='bbox 1531 818 1572 846; x_wconf 85' lang='lat' dir='ltr'>se</span> <span class='ocrx_word' id='word_1_78' title='bbox 1609 805 1739 848; x_wconf 89' lang='lat' dir='ltr'>uelint</span> 
     </span>
     <span class='ocr_line' id='line_1_14' title="bbox 163 867 1740 923; baseline -0.001 -12"><span class='ocrx_word' id='word_1_79' title='bbox 163 868 378 919; x_wconf 85' lang='lat' dir='ltr'>amabiles,</span> <span class='ocrx_word' id='word_1_80' title='bbox 404 868 502 923; x_wconf 89' lang='lat' dir='ltr'>quia</span> <span class='ocrx_word' id='word_1_81' title='bbox 525 867 667 911; x_wconf 90' lang='lat' dir='ltr'>odioso</span> <span class='ocrx_word' id='word_1_82' title='bbox 692 867 1002 910; x_wconf 85' lang='lat' dir='ltr'>Manicheorum</span> <span class='ocrx_word' id='word_1_83' title='bbox 1026 867 1303 910; x_wconf 86' lang='lat' dir='ltr'>aduersantur</span> <span class='ocrx_word' id='word_1_84' title='bbox 1328 870 1467 919; x_wconf 88' lang='lat' dir='ltr'>errori,</span> <span class='ocrx_word' id='word_1_85' title='bbox 1496 870 1565 912; x_wconf 87' lang='lat' dir='ltr'>sed</span> <span class='ocrx_word' id='word_1_86' title='bbox 1592 871 1740 913; x_wconf 81' lang='lat' dir='ltr'>merito</span> 
     </span>
     <span class='ocr_line' id='line_1_15' title="bbox 164 933 1739 990; baseline 0.001 -14"><span class='ocrx_word' id='word_1_87' title='bbox 164 948 206 977; x_wconf 85' lang='lat' dir='ltr'>se</span> <span class='ocrx_word' id='word_1_88' title='bbox 231 940 459 990; x_wconf 80' lang='lat' dir='ltr'>agnoscant</span> <span class='ocrx_word' id='word_1_89' title='bbox 483 933 670 985; x_wconf 89' lang='lat' dir='ltr'>odibiles,</span> <span class='ocrx_word' id='word_1_90' title='bbox 696 933 796 989; x_wconf 89' lang='lat' dir='ltr'>quia</span> <span class='ocrx_word' id='word_1_91' title='bbox 819 947 942 975; x_wconf 93' lang='lat' dir='ltr'>suum</span> <span class='ocrx_word' id='word_1_92' title='bbox 967 946 1048 975; x_wconf 90' lang='lat' dir='ltr'>non</span> <span class='ocrx_word' id='word_1_93' title='bbox 1074 939 1319 976; x_wconf 88' lang='lat' dir='ltr'>auersantur</span> <span class='ocrx_word' id='word_1_94' title='bbox 1343 948 1535 977; x_wconf 89' lang='lat' dir='ltr'>errorem.</span> <span class='ocrx_word' id='word_1_95' title='bbox 1566 944 1739 990; x_wconf 84' lang='lat' dir='ltr'>possunt</span> 
     </span>
     <span class='ocr_line' id='line_1_16' title="bbox 163 998 1740 1053; baseline 0.001 -11"><span class='ocrx_word' id='word_1_96' title='bbox 163 1001 273 1042; x_wconf 90' lang='lat' dir='ltr'>enim</span> <span class='ocrx_word' id='word_1_97' title='bbox 297 1000 380 1042; x_wconf 91' lang='lat' dir='ltr'>duo</span> <span class='ocrx_word' id='word_1_98' title='bbox 404 1013 560 1042; x_wconf 90' lang='lat' dir='ltr'>errores</span> <span class='ocrx_word' id='word_1_99' title='bbox 583 999 692 1042; x_wconf 89' lang='lat' dir='ltr'>inter</span> <span class='ocrx_word' id='word_1_100' title='bbox 716 1012 758 1041; x_wconf 92' lang='lat' dir='ltr'>se</span> <span class='ocrx_word' id='word_1_101' title='bbox 782 1012 869 1042; x_wconf 89' lang='lat' dir='ltr'>esse</span> <span class='ocrx_word' id='word_1_102' title='bbox 893 998 1101 1050; x_wconf 87' lang='lat' dir='ltr'>contrarii,</span> <span class='ocrx_word' id='word_1_103' title='bbox 1126 999 1196 1042; x_wconf 89' lang='lat' dir='ltr'>sed</span> <span class='ocrx_word' id='word_1_104' title='bbox 1219 1000 1344 1042; x_wconf 89' lang='lat' dir='ltr'>ambo</span> <span class='ocrx_word' id='word_1_105' title='bbox 1369 1006 1467 1043; x_wconf 89' lang='lat' dir='ltr'>sunt</span> <span class='ocrx_word' id='word_1_106' title='bbox 1490 1002 1740 1053; x_wconf 85' lang='lat' dir='ltr'>detestandi,</span> 
     </span>
     <span class='ocr_line' id='line_1_17' title="bbox 165 1064 1738 1122; baseline 0.001 -14"><span class='ocrx_word' id='word_1_107' title='bbox 165 1066 263 1121; x_wconf 86' lang='lat' dir='ltr'>quia</span> <span class='ocrx_word' id='word_1_108' title='bbox 287 1071 385 1108; x_wconf 90' lang='lat' dir='ltr'>sunt</span> <span class='ocrx_word' id='word_1_109' title='bbox 409 1065 533 1108; x_wconf 85' lang='lat' dir='ltr'>ambo</span> <span class='ocrx_word' id='word_1_110' title='bbox 561 1064 757 1108; x_wconf 89' lang='lat' dir='ltr'>contrarii</span> <span class='ocrx_word' id='word_1_111' title='bbox 782 1064 963 1107; x_wconf 87' lang='lat' dir='ltr'>ueritati.</span> <span class='ocrx_word' id='word_1_112' title='bbox 991 1078 1089 1107; x_wconf 89' lang='lat' dir='ltr'>nam</span> <span class='ocrx_word' id='word_1_113' title='bbox 1116 1065 1150 1107; x_wconf 92' lang='lat' dir='ltr'>si</span> <span class='ocrx_word' id='word_1_114' title='bbox 1175 1070 1394 1120; x_wconf 86' lang='lat' dir='ltr'>propterea</span> <span class='ocrx_word' id='word_1_115' title='bbox 1419 1072 1515 1108; x_wconf 89' lang='lat' dir='ltr'>sunt</span> <span class='ocrx_word' id='word_1_116' title='bbox 1542 1067 1738 1122; x_wconf 83' lang='lat' dir='ltr'>diligendi</span> 
     </span>
     <span class='ocr_line' id='line_1_18' title="bbox 163 1130 1738 1188; baseline 0.001 -14"><span class='ocrx_word' id='word_1_117' title='bbox 163 1131 387 1187; x_wconf 83' lang='lat' dir='ltr'>Pelagiani,</span> <span class='ocrx_word' id='word_1_118' title='bbox 408 1131 505 1186; x_wconf 90' lang='lat' dir='ltr'>quia</span> <span class='ocrx_word' id='word_1_119' title='bbox 532 1131 709 1174; x_wconf 88' lang='lat' dir='ltr'>oderunt</span> <span class='ocrx_word' id='word_1_120' title='bbox 728 1130 978 1182; x_wconf 86' lang='lat' dir='ltr'>Manicheos,</span> <span class='ocrx_word' id='word_1_121' title='bbox 1004 1130 1200 1185; x_wconf 85' lang='lat' dir='ltr'>diligendi</span> <span class='ocrx_word' id='word_1_122' title='bbox 1219 1136 1317 1173; x_wconf 85' lang='lat' dir='ltr'>sunt</span> <span class='ocrx_word' id='word_1_123' title='bbox 1344 1138 1386 1175; x_wconf 92' lang='lat' dir='ltr'>et</span> <span class='ocrx_word' id='word_1_124' title='bbox 1406 1132 1622 1183; x_wconf 84' lang='lat' dir='ltr'>Manichei,</span> <span class='ocrx_word' id='word_1_125' title='bbox 1644 1135 1738 1188; x_wconf 84' lang='lat' dir='ltr'>quia</span> 
     </span>
     <span class='ocr_line' id='line_1_19' title="bbox 164 1196 1739 1253; baseline 0.001 -14"><span class='ocrx_word' id='word_1_126' title='bbox 164 1198 341 1240; x_wconf 89' lang='lat' dir='ltr'>oderunt</span> <span class='ocrx_word' id='word_1_127' title='bbox 361 1197 616 1250; x_wconf 73' lang='lat' dir='ltr'>Pelagianos.</span> <span class='ocrx_word' id='word_1_128' title='bbox 641 1197 711 1239; x_wconf 91' lang='lat' dir='ltr'>sed</span> <span class='ocrx_word' id='word_1_129' title='bbox 731 1197 856 1247; x_wconf 89' lang='lat' dir='ltr'>absit,</span> <span class='ocrx_word' id='word_1_130' title='bbox 877 1203 923 1239; x_wconf 90' lang='lat' dir='ltr'>ut</span> <span class='ocrx_word' id='word_1_131' title='bbox 945 1196 1148 1239; x_wconf 87' lang='lat' dir='ltr'>catholica</span> <span class='ocrx_word' id='word_1_132' title='bbox 1168 1203 1302 1240; x_wconf 87' lang='lat' dir='ltr'>mater</span> <span class='ocrx_word' id='word_1_133' title='bbox 1322 1204 1490 1253; x_wconf 88' lang='lat' dir='ltr'>propter</span> <span class='ocrx_word' id='word_1_134' title='bbox 1517 1199 1739 1241; x_wconf 84' lang='lat' dir='ltr'>alterorum</span> 
     </span>
     <span class='ocr_line' id='line_1_20' title="bbox 163 1263 1739 1319; baseline 0 -14"><span class='ocrx_word' id='word_1_135' title='bbox 163 1263 304 1306; x_wconf 78' lang='lat' dir='ltr'>odIum</span> <span class='ocrx_word' id='word_1_136' title='bbox 333 1264 486 1306; x_wconf 90' lang='lat' dir='ltr'>alteros</span> <span class='ocrx_word' id='word_1_137' title='bbox 517 1263 642 1318; x_wconf 85' lang='lat' dir='ltr'>eligat</span> <span class='ocrx_word' id='word_1_138' title='bbox 662 1276 816 1313; x_wconf 86' lang='lat' dir='ltr'>amare,</span> <span class='ocrx_word' id='word_1_139' title='bbox 838 1276 932 1304; x_wconf 90' lang='lat' dir='ltr'>cum</span> <span class='ocrx_word' id='word_1_140' title='bbox 954 1268 1146 1305; x_wconf 88' lang='lat' dir='ltr'>monente</span> <span class='ocrx_word' id='word_1_141' title='bbox 1167 1268 1294 1319; x_wconf 87' lang='lat' dir='ltr'>atque</span> <span class='ocrx_word' id='word_1_142' title='bbox 1313 1264 1542 1306; x_wconf 86' lang='lat' dir='ltr'>adiuuante</span> <span class='ocrx_word' id='word_1_143' title='bbox 1573 1265 1739 1308; x_wconf 85' lang='lat' dir='ltr'>domino</span> 
     </span>
     <span class='ocr_line' id='line_1_21' title="bbox 164 1329 1378 1384; baseline 0.001 -13"><span class='ocrx_word' id='word_1_144' title='bbox 164 1329 313 1372; x_wconf 84' lang='lat' dir='ltr'>debeat</span> <span class='ocrx_word' id='word_1_145' title='bbox 346 1334 542 1384; x_wconf 88' lang='lat' dir='ltr'>utrosque</span> <span class='ocrx_word' id='word_1_146' title='bbox 576 1329 708 1371; x_wconf 87' lang='lat' dir='ltr'>uitare</span> <span class='ocrx_word' id='word_1_147' title='bbox 742 1334 784 1371; x_wconf 92' lang='lat' dir='ltr'>et</span> <span class='ocrx_word' id='word_1_148' title='bbox 815 1329 957 1383; x_wconf 88' lang='lat' dir='ltr'>cupiat</span> <span class='ocrx_word' id='word_1_149' title='bbox 991 1334 1187 1384; x_wconf 90' lang='lat' dir='ltr'>utrosque</span> <span class='ocrx_word' id='word_1_150' title='bbox 1220 1342 1378 1372; x_wconf 86' lang='lat' dir='ltr'>sanare.</span> 
     </span>
    </p>

    <p class='ocr_par' dir='ltr' id='par_1_8' title="bbox 163 1394 1743 2107">
     <span class='ocr_line' id='line_1_22' title="bbox 274 1394 1740 1451; baseline 0 -14"><span class='ocrx_word' id='word_1_151' title='bbox 274 1395 354 1437; x_wconf 91' lang='lat' dir='ltr'>III.</span> <span class='ocrx_word' id='word_1_152' title='bbox 387 1395 424 1437; x_wconf 77' lang='grc' dir='ltr'>ὃ.</span> <span class='ocrx_word' id='word_1_153' title='bbox 463 1395 573 1444; x_wconf 90' lang='lat' dir='ltr'>Quin</span> <span class='ocrx_word' id='word_1_154' title='bbox 605 1394 733 1436; x_wconf 87' lang='lat' dir='ltr'>etiam</span> <span class='ocrx_word' id='word_1_155' title='bbox 763 1407 955 1436; x_wconf 84' lang='lat' dir='ltr'>romanos</span> <span class='ocrx_word' id='word_1_156' title='bbox 989 1394 1158 1437; x_wconf 84' lang='lat' dir='ltr'>clericos</span> <span class='ocrx_word' id='word_1_157' title='bbox 1190 1401 1369 1451; x_wconf 83' lang='lat' dir='ltr'>arguunt</span> <span class='ocrx_word' id='word_1_158' title='bbox 1402 1396 1627 1438; x_wconf 72' lang='lat' dir='ltr'>scribentes</span> <span class='ocrx_word' id='word_1_159' title='bbox 1661 1406 1740 1439; x_wconf 73' lang='lat' dir='ltr'>eos</span> 
     </span>
     <span class='ocr_line' id='line_1_23' title="bbox 164 1460 1741 1515; baseline 0.001 -13"><span class='ocrx_word' id='word_1_160' title='bbox 164 1460 354 1503; x_wconf 89' lang='lat' dir='ltr'>iussionis</span> <span class='ocrx_word' id='word_1_161' title='bbox 373 1466 526 1503; x_wconf 91' lang='lat' dir='ltr'>terrore</span> <span class='ocrx_word' id='word_1_162' title='bbox 548 1460 754 1515; x_wconf 87' lang='lat' dir='ltr'>perculsos</span> <span class='ocrx_word' id='word_1_163' title='bbox 775 1473 858 1502; x_wconf 91' lang='lat' dir='ltr'>non</span> <span class='ocrx_word' id='word_1_164' title='bbox 879 1460 1090 1502; x_wconf 89' lang='lat' dir='ltr'>erubuisse</span> <span class='ocrx_word' id='word_1_165' title='bbox 1108 1461 1472 1515; x_wconf 87' lang='lat' dir='ltr'>praeuaricationis</span> <span class='ocrx_word' id='word_1_166' title='bbox 1493 1462 1646 1504; x_wconf 78' lang='lat' dir='ltr'>crimen</span> <span class='ocrx_word' id='word_1_167' title='bbox 1672 1464 1741 1505; x_wconf 87' lang='lat' dir='ltr'>ad-</span> 
     </span>
     <span class='ocr_line' id='line_1_24' title="bbox 164 1526 1740 1583; baseline -0.001 -15"><span class='ocrx_word' id='word_1_168' title='bbox 164 1526 346 1578; x_wconf 86' lang='lat' dir='ltr'>mittere,</span> <span class='ocrx_word' id='word_1_169' title='bbox 375 1532 423 1568; x_wconf 93' lang='lat' dir='ltr'>ut</span> <span class='ocrx_word' id='word_1_170' title='bbox 452 1532 597 1568; x_wconf 86' lang='lat' dir='ltr'>contra</span> <span class='ocrx_word' id='word_1_171' title='bbox 624 1526 800 1580; x_wconf 90' lang='lat' dir='ltr'>priorem</span> <span class='ocrx_word' id='word_1_172' title='bbox 829 1527 1078 1568; x_wconf 84' lang='lat' dir='ltr'>sententiam</span> <span class='ocrx_word' id='word_1_173' title='bbox 1107 1539 1240 1578; x_wconf 89' lang='lat' dir='ltr'>suam,</span> <span class='ocrx_word' id='word_1_174' title='bbox 1270 1540 1353 1582; x_wconf 88' lang='lat' dir='ltr'>qua</span> <span class='ocrx_word' id='word_1_175' title='bbox 1381 1527 1506 1583; x_wconf 84' lang='lat' dir='ltr'>gestis</span> <span class='ocrx_word' id='word_1_176' title='bbox 1536 1528 1740 1570; x_wconf 83' lang='lat' dir='ltr'>catholico</span> 
     </span>
     <span class='ocr_line' id='line_1_25' title="bbox 164 1591 1741 1647; baseline 0.001 -13"><span class='ocrx_word' id='word_1_177' title='bbox 164 1592 350 1647; x_wconf 87' lang='lat' dir='ltr'>dogmati</span> <span class='ocrx_word' id='word_1_178' title='bbox 386 1591 609 1642; x_wconf 80' lang='lat' dir='ltr'>affuerant,</span> <span class='ocrx_word' id='word_1_179' title='bbox 663 1596 809 1647; x_wconf 86' lang='lat' dir='ltr'>postea</span> <span class='ocrx_word' id='word_1_180' title='bbox 856 1592 1174 1647; x_wconf 84' lang='lat' dir='ltr'>pronuntiarent</span> <span class='ocrx_word' id='word_1_181' title='bbox 1212 1593 1365 1635; x_wconf 89' lang='lat' dir='ltr'>malam</span> <span class='ocrx_word' id='word_1_182' title='bbox 1402 1594 1614 1635; x_wconf 90' lang='lat' dir='ltr'>hominum</span> <span class='ocrx_word' id='word_1_183' title='bbox 1655 1608 1741 1636; x_wconf 79' lang='lat' dir='ltr'>esse</span> 
     </span>
     <span class='ocr_line' id='line_1_26' title="bbox 163 1657 1741 1713; baseline 0.001 -13"><span class='ocrx_word' id='word_1_184' title='bbox 163 1660 384 1700; x_wconf 79' lang='lat' dir='ltr'>naturam‘.</span> <span class='ocrx_word' id='word_1_185' title='bbox 413 1658 541 1700; x_wconf 88' lang='lat' dir='ltr'>immo</span> <span class='ocrx_word' id='word_1_186' title='bbox 561 1671 657 1700; x_wconf 90' lang='lat' dir='ltr'>uero</span> <span class='ocrx_word' id='word_1_187' title='bbox 678 1657 889 1713; x_wconf 86' lang='lat' dir='ltr'>Pelagiani</span> <span class='ocrx_word' id='word_1_188' title='bbox 914 1671 986 1712; x_wconf 85' lang='lat' dir='ltr'>spe</span> <span class='ocrx_word' id='word_1_189' title='bbox 1003 1657 1107 1700; x_wconf 82' lang='lat' dir='ltr'>falsa</span> <span class='ocrx_word' id='word_1_190' title='bbox 1124 1663 1377 1713; x_wconf 87' lang='lat' dir='ltr'>putauerant</span> <span class='ocrx_word' id='word_1_191' title='bbox 1398 1673 1550 1701; x_wconf 90' lang='lat' dir='ltr'>nouum</span> <span class='ocrx_word' id='word_1_192' title='bbox 1569 1666 1609 1702; x_wconf 85' lang='lat' dir='ltr'>et</span> <span class='ocrx_word' id='word_1_193' title='bbox 1629 1674 1741 1701; x_wconf 81' lang='lat' dir='ltr'>exse-</span> 
     </span>
     <span class='ocr_line' id='line_1_27' title="bbox 164 1723 1741 1779; baseline 0.001 -13"><span class='ocrx_word' id='word_1_194' title='bbox 164 1723 314 1766; x_wconf 87' lang='lat' dir='ltr'>crabile</span> <span class='ocrx_word' id='word_1_195' title='bbox 336 1724 487 1779; x_wconf 85' lang='lat' dir='ltr'>dogma</span> <span class='ocrx_word' id='word_1_196' title='bbox 508 1724 777 1779; x_wconf 78' lang='lat' dir='ltr'>pelagianum</span> <span class='ocrx_word' id='word_1_197' title='bbox 798 1723 865 1766; x_wconf 90' lang='lat' dir='ltr'>uel</span> <span class='ocrx_word' id='word_1_198' title='bbox 886 1723 1191 1766; x_wconf 87' lang='lat' dir='ltr'>Caelestianum</span> <span class='ocrx_word' id='word_1_199' title='bbox 1223 1725 1459 1779; x_wconf 87' lang='lat' dir='ltr'>persuaderi</span> <span class='ocrx_word' id='word_1_200' title='bbox 1482 1726 1741 1779; x_wconf 83' lang='lat' dir='ltr'>quorundam</span> 
     </span>
     <span class='ocr_line' id='line_1_28' title="bbox 166 1789 1739 1846; baseline 0.001 -15"><span class='ocrx_word' id='word_1_201' title='bbox 166 1789 449 1832; x_wconf 88' lang='lat' dir='ltr'>Romanorum</span> <span class='ocrx_word' id='word_1_202' title='bbox 511 1789 726 1832; x_wconf 87' lang='lat' dir='ltr'>catholicis</span> <span class='ocrx_word' id='word_1_203' title='bbox 773 1789 982 1831; x_wconf 80' lang='lat' dir='ltr'>mentibus</span> <span class='ocrx_word' id='word_1_204' title='bbox 1032 1803 1164 1844; x_wconf 88' lang='lat' dir='ltr'>posse,</span> <span class='ocrx_word' id='word_1_205' title='bbox 1229 1791 1396 1845; x_wconf 86' lang='lat' dir='ltr'>quando</span> <span class='ocrx_word' id='word_1_206' title='bbox 1462 1790 1528 1832; x_wconf 81' lang='lat' dir='ltr'>illa</span> <span class='ocrx_word' id='word_1_207' title='bbox 1580 1792 1739 1846; x_wconf 80' lang='lat' dir='ltr'>ingenia</span> 
     </span>
     <span class='ocr_line' id='line_1_29' title="bbox 166 1855 1741 1910; baseline 0.001 -13"><span class='ocrx_word' id='word_1_208' title='bbox 166 1855 358 1910; x_wconf 91' lang='lat' dir='ltr'>quamuis</span> <span class='ocrx_word' id='word_1_209' title='bbox 385 1855 565 1897; x_wconf 82' lang='lat' dir='ltr'>nefando</span> <span class='ocrx_word' id='word_1_210' title='bbox 594 1867 728 1897; x_wconf 88' lang='lat' dir='ltr'>errore</span> <span class='ocrx_word' id='word_1_211' title='bbox 756 1867 960 1909; x_wconf 84' lang='lat' dir='ltr'>peruersa,</span> <span class='ocrx_word' id='word_1_212' title='bbox 989 1868 1071 1897; x_wconf 92' lang='lat' dir='ltr'>non</span> <span class='ocrx_word' id='word_1_213' title='bbox 1098 1860 1238 1897; x_wconf 88' lang='lat' dir='ltr'>tamen</span> <span class='ocrx_word' id='word_1_214' title='bbox 1272 1856 1618 1910; x_wconf 83' lang='lat' dir='ltr'>contemptibilia,</span> <span class='ocrx_word' id='word_1_215' title='bbox 1646 1870 1741 1898; x_wconf 86' lang='lat' dir='ltr'>cum</span> 
     </span>
     <span class='ocr_line' id='line_1_30' title="bbox 164 1919 1741 1976; baseline 0 -13"><span class='ocrx_word' id='word_1_216' title='bbox 164 1921 346 1963; x_wconf 83' lang='lat' dir='ltr'>studiose</span> <span class='ocrx_word' id='word_1_217' title='bbox 375 1921 616 1976; x_wconf 87' lang='lat' dir='ltr'>corrigenda</span> <span class='ocrx_word' id='word_1_218' title='bbox 643 1921 783 1975; x_wconf 82' lang='lat' dir='ltr'>potius</span> <span class='ocrx_word' id='word_1_219' title='bbox 812 1933 938 1975; x_wconf 88' lang='lat' dir='ltr'>quam</span> <span class='ocrx_word' id='word_1_220' title='bbox 968 1919 1087 1962; x_wconf 74' lang='lat' dir='ltr'>facile</span> <span class='ocrx_word' id='word_1_221' title='bbox 1123 1920 1361 1962; x_wconf 83' lang='lat' dir='ltr'>damnanda</span> <span class='ocrx_word' id='word_1_222' title='bbox 1390 1921 1640 1972; x_wconf 85' lang='lat' dir='ltr'>uiderentur,</span> <span class='ocrx_word' id='word_1_223' title='bbox 1670 1922 1741 1963; x_wconf 86' lang='lat' dir='ltr'>ali·</span> 
     </span>
     <span class='ocr_line' id='line_1_31' title="bbox 164 1985 1743 2041; baseline 0 -13"><span class='ocrx_word' id='word_1_224' title='bbox 164 1992 324 2041; x_wconf 86' lang='lat' dir='ltr'>quanto</span> <span class='ocrx_word' id='word_1_225' title='bbox 339 1986 483 2037; x_wconf 89' lang='lat' dir='ltr'>lenius,</span> <span class='ocrx_word' id='word_1_226' title='bbox 500 1999 626 2041; x_wconf 92' lang='lat' dir='ltr'>quam</span> <span class='ocrx_word' id='word_1_227' title='bbox 642 1985 821 2028; x_wconf 89' lang='lat' dir='ltr'>seuerior</span> <span class='ocrx_word' id='word_1_228' title='bbox 835 1985 1078 2040; x_wconf 86' lang='lat' dir='ltr'>postulabat</span> <span class='ocrx_word' id='word_1_229' title='bbox 1094 1986 1288 2028; x_wconf 87' lang='lat' dir='ltr'>ecclesiae</span> <span class='ocrx_word' id='word_1_230' title='bbox 1303 1986 1534 2040; x_wconf 81' lang='lat' dir='ltr'>disciplina,</span> <span class='ocrx_word' id='word_1_231' title='bbox 1562 1992 1743 2029; x_wconf 86' lang='lat' dir='ltr'>tractata</span> 
     </span>
     <span class='ocr_line' id='line_1_32' title="bbox 164 2050 1742 2107; baseline -0.001 -13"><span class='ocrx_word' id='word_1_232' title='bbox 164 2056 279 2094; x_wconf 57' lang='lat' dir='ltr'>sunt,</span> <span class='ocrx_word' id='word_1_233' title='bbox 300 2056 366 2093; x_wconf 90' lang='lat' dir='ltr'>tot</span> <span class='ocrx_word' id='word_1_234' title='bbox 388 2052 498 2093; x_wconf 88' lang='lat' dir='ltr'>enim</span> <span class='ocrx_word' id='word_1_235' title='bbox 521 2058 563 2094; x_wconf 94' lang='lat' dir='ltr'>et</span> <span class='ocrx_word' id='word_1_236' title='bbox 586 2051 720 2093; x_wconf 88' lang='lat' dir='ltr'>tantis</span> <span class='ocrx_word' id='word_1_237' title='bbox 743 2051 851 2093; x_wconf 89' lang='lat' dir='ltr'>inter</span> <span class='ocrx_word' id='word_1_238' title='bbox 873 2050 1143 2106; x_wconf 86' lang='lat' dir='ltr'>apostolicam</span> <span class='ocrx_word' id='word_1_239' title='bbox 1168 2051 1306 2093; x_wconf 90' lang='lat' dir='ltr'>sedem</span> <span class='ocrx_word' id='word_1_240' title='bbox 1329 2057 1370 2094; x_wconf 91' lang='lat' dir='ltr'>et</span> <span class='ocrx_word' id='word_1_241' title='bbox 1394 2052 1504 2094; x_wconf 82' lang='lat' dir='ltr'>afros</span> <span class='ocrx_word' id='word_1_242' title='bbox 1527 2052 1742 2107; x_wconf 74' lang='lat' dir='ltr'>episcopos</span> 
     </span>
    </p>
   </div>
   <div class='ocr_carea' id='block_1_7' title="bbox 266 2199 842 2242">
    <p class='ocr_par' dir='ltr' id='par_1_9' title="bbox 266 2199 842 2242">
     <span class='ocr_line' id='line_1_33' title="bbox 266 2199 842 2242; baseline -0.003 -7"><span class='ocrx_word' id='word_1_243' title='bbox 266 2200 286 2235; x_wconf 90' lang='grc'>2</span> <span class='ocrx_word' id='word_1_244' title='bbox 303 2200 345 2235; x_wconf 82' lang='lat' dir='ltr'>cf.</span> <span class='ocrx_word' id='word_1_245' title='bbox 369 2200 468 2235; x_wconf 78' lang='lat' dir='ltr'>Rom.</span> <span class='ocrx_word' id='word_1_246' title='bbox 488 2200 520 2242; x_wconf 83' lang='lat'>8,</span> <span class='ocrx_word' id='word_1_247' title='bbox 538 2200 559 2233; x_wconf 91' lang='lat'><strong>3</strong></span> <span class='ocrx_word' id='word_1_248' title='bbox 623 2201 662 2234; x_wconf 78' lang='lat'>17</span> <span class='ocrx_word' id='word_1_249' title='bbox 684 2199 842 2234; x_wconf 82' lang='lat' dir='ltr'>Iulianus</span> 
     </span>
    </p>
   </div>
   <div class='ocr_carea' id='block_1_8' title="bbox 163 2285 1745 2880">
    <p class='ocr_par' dir='ltr' id='par_1_10' title="bbox 163 2285 1745 2880">
     <span class='ocr_line' id='line_1_34' title="bbox 267 2285 1740 2342; baseline 0.001 -12"><span class='ocrx_word' id='word_1_250' title='bbox 267 2296 282 2330; x_wconf 89' lang='lat'>1</span> <span class='ocrx_word' id='word_1_251' title='bbox 311 2295 519 2333; x_wconf 84' lang='lat' dir='ltr'>redemtoris</span> <span class='ocrx_word' id='word_1_252' title='bbox 531 2295 562 2330; x_wconf 73' lang='grc' dir='ltr'>Γ</span> <span class='ocrx_word' id='word_1_253' title='bbox 685 2295 706 2329; x_wconf 98' lang='grc'>2</span> <span class='ocrx_word' id='word_1_254' title='bbox 733 2299 786 2330; x_wconf 86' lang='lat' dir='ltr'>est</span> <span class='ocrx_word' id='word_1_255' title='bbox 803 2285 867 2341; x_wconf 51' lang='grc' dir='ltr'>ἧς</span> <span class='ocrx_word' id='word_1_256' title='bbox 885 2294 922 2330; x_wconf 90' lang='lat' dir='ltr'>in</span> <span class='ocrx_word' id='word_1_257' title='bbox 938 2294 1174 2331; x_wconf 76' lang='lat' dir='ltr'>similitudine</span> <span class='ocrx_word' id='word_1_258' title='bbox 1191 2295 1306 2331; x_wconf 88' lang='lat' dir='ltr'>earnis</span> <span class='ocrx_word' id='word_1_259' title='bbox 1325 2296 1458 2341; x_wconf 81' lang='lat' dir='ltr'>peccati</span> <span class='ocrx_word' id='word_1_260' title='bbox 1477 2307 1547 2331; x_wconf 91' lang='lat' dir='ltr'>non</span> <span class='ocrx_word' id='word_1_261' title='bbox 1565 2296 1688 2342; x_wconf 81' lang='lat' dir='ltr'>ntique</span> <span class='ocrx_word' id='word_1_262' title='bbox 1706 2297 1740 2331; x_wconf 88' lang='lat' dir='ltr'>in</span> 
     </span>
     <span class='ocr_line' id='line_1_35' title="bbox 163 2354 1743 2401; baseline -0.002 -8"><span class='ocrx_word' id='word_1_263' title='bbox 163 2366 267 2393; x_wconf 78' lang='lat' dir='ltr'>carne</span> <span class='ocrx_word' id='word_1_264' title='bbox 285 2356 421 2401; x_wconf 86' lang='lat' dir='ltr'>peccati</span> <span class='ocrx_word' id='word_1_265' title='bbox 435 2358 466 2393; x_wconf 92' lang='grc' dir='ltr'><em>Β</em></span> <span class='ocrx_word' id='word_1_266' title='bbox 525 2355 588 2393; x_wconf 87' lang='lat' dir='ltr'>sed</span> <span class='ocrx_word' id='word_1_267' title='bbox 604 2357 720 2397; x_wconf 80' lang='lat' dir='ltr'><em>0m.B;</em></span> <span class='ocrx_word' id='word_1_268' title='bbox 738 2354 983 2401; x_wconf 84' lang='lat' dir='ltr'>sed—peccati</span> <span class='ocrx_word' id='word_1_269' title='bbox 1002 2355 1161 2392; x_wconf 78' lang='lat' dir='ltr'>omDEF</span> <span class='ocrx_word' id='word_1_270' title='bbox 1220 2355 1491 2392; x_wconf 87' lang='lat' dir='ltr'>similitudinem</span> <span class='ocrx_word' id='word_1_271' title='bbox 1506 2358 1537 2392; x_wconf 89' lang='lat' dir='ltr'><em>D</em></span> <span class='ocrx_word' id='word_1_272' title='bbox 1597 2357 1618 2390; x_wconf 89' lang='lat'><strong>3</strong></span> <span class='ocrx_word' id='word_1_273' title='bbox 1636 2367 1703 2401; x_wconf 84' lang='lat' dir='ltr'>qua</span> <span class='ocrx_word' id='word_1_274' title='bbox 1715 2361 1743 2392; x_wconf 75' lang='grc'>(1</span> 
     </span>
     <span class='ocr_line' id='line_1_36' title="bbox 165 2414 1741 2463; baseline 0 -13"><span class='ocrx_word' id='word_1_275' title='bbox 165 2417 185 2450; x_wconf 90' lang='grc'>4</span> <span class='ocrx_word' id='word_1_276' title='bbox 201 2415 296 2463; x_wconf 86' lang='lat' dir='ltr'>ergo]</span> <span class='ocrx_word' id='word_1_277' title='bbox 314 2419 435 2452; x_wconf 79' lang='lat' dir='ltr'>autem</span> <span class='ocrx_word' id='word_1_278' title='bbox 450 2417 481 2452; x_wconf 91' lang='lat' dir='ltr'><em>B</em></span> <span class='ocrx_word' id='word_1_279' title='bbox 587 2416 730 2462; x_wconf 88' lang='lat' dir='ltr'>penitus</span> <span class='ocrx_word' id='word_1_280' title='bbox 748 2426 889 2450; x_wconf 85' lang='lat' dir='ltr'>carnem</span> <span class='ocrx_word' id='word_1_281' title='bbox 902 2416 935 2451; x_wconf 92' lang='lat' dir='ltr'><em>D</em></span> <span class='ocrx_word' id='word_1_282' title='bbox 1044 2415 1065 2450; x_wconf 88' lang='lat'>6</span> <span class='ocrx_word' id='word_1_283' title='bbox 1082 2414 1334 2451; x_wconf 83' lang='lat' dir='ltr'>adseuerantes</span> <span class='ocrx_word' id='word_1_284' title='bbox 1347 2415 1552 2453; x_wconf 76' lang='lat' dir='ltr'>CDEFl&#39;bd</span> <span class='ocrx_word' id='word_1_285' title='bbox 1644 2419 1663 2450; x_wconf 75' lang='grc' dir='ltr'>ὃ</span> <span class='ocrx_word' id='word_1_286' title='bbox 1681 2416 1741 2450; x_wconf 74' lang='lat' dir='ltr'>sed</span> 
     </span>
     <span class='ocr_line' id='line_1_37' title="bbox 165 2470 1742 2522; baseline 0.001 -12"><span class='ocrx_word' id='word_1_287' title='bbox 165 2474 375 2522; x_wconf 88' lang='lat' dir='ltr'>ipsi—quod</span> <span class='ocrx_word' id='word_1_288' title='bbox 390 2480 474 2512; x_wconf 90' lang='lat' dir='ltr'>sunt</span> <span class='ocrx_word' id='word_1_289' title='bbox 489 2474 612 2512; x_wconf 85' lang='lat' dir='ltr'>om.Vb</span> <span class='ocrx_word' id='word_1_290' title='bbox 703 2474 968 2512; x_wconf 79' lang='lat' dir='ltr'>festinantOml</span> <span class='ocrx_word' id='word_1_291' title='bbox 1055 2477 1127 2520; x_wconf 79' lang='lat' dir='ltr'>post</span> <span class='ocrx_word' id='word_1_292' title='bbox 1144 2474 1313 2510; x_wconf 78' lang='lat' dir='ltr'>festinent</span> <span class='ocrx_word' id='word_1_293' title='bbox 1331 2477 1482 2521; x_wconf 69' lang='grc' dir='ltr'>ειηιιὶἰυν</span> <span class='ocrx_word' id='word_1_294' title='bbox 1499 2477 1535 2511; x_wconf 66' lang='lat' dir='ltr'>In</span> <span class='ocrx_word' id='word_1_295' title='bbox 1553 2474 1609 2519; x_wconf 72' lang='lat' dir='ltr'>jol.</span> <span class='ocrx_word' id='word_1_296' title='bbox 1631 2470 1687 2511; x_wconf 76' lang='grc' dir='ltr'>73ὁ</span> <span class='ocrx_word' id='word_1_297' title='bbox 1712 2478 1742 2511; x_wconf 77' lang='lat'>1}</span> 
     </span>
     <span class='ocr_line' id='line_1_38' title="bbox 165 2533 1745 2581; baseline 0 -11"><span class='ocrx_word' id='word_1_298' title='bbox 165 2545 241 2581; x_wconf 73' lang='lat' dir='ltr'>paq.</span> <span class='ocrx_word' id='word_1_299' title='bbox 260 2535 338 2578; x_wconf 81' lang='lat'>471,</span> <span class='ocrx_word' id='word_1_300' title='bbox 357 2533 401 2572; x_wconf 85' lang='lat'>19</span> <span class='ocrx_word' id='word_1_301' title='bbox 417 2534 572 2581; x_wconf 84' lang='lat' dir='ltr'>positum</span> <span class='ocrx_word' id='word_1_302' title='bbox 590 2546 657 2580; x_wconf 79' lang='lat' dir='ltr'>sqq.</span> <span class='ocrx_word' id='word_1_303' title='bbox 776 2533 833 2569; x_wconf 89' lang='lat' dir='ltr'>uel</span> <span class='ocrx_word' id='word_1_304' title='bbox 850 2534 904 2570; x_wconf 89' lang='lat' dir='ltr'>int</span> <span class='ocrx_word' id='word_1_305' title='bbox 922 2533 1069 2569; x_wconf 78' lang='lat' dir='ltr'>amuiles</span> <span class='ocrx_word' id='word_1_306' title='bbox 1078 2535 1163 2571; x_wconf 84' lang='lat' dir='ltr'>Oml</span> <span class='ocrx_word' id='word_1_307' title='bbox 1271 2539 1344 2581; x_wconf 77' lang='lat' dir='ltr'>pos!</span> <span class='ocrx_word' id='word_1_308' title='bbox 1363 2535 1473 2571; x_wconf 87' lang='lat' dir='ltr'>uelint</span> <span class='ocrx_word' id='word_1_309' title='bbox 1491 2536 1567 2570; x_wconf 75' lang='lat' dir='ltr'>add.</span> <span class='ocrx_word' id='word_1_310' title='bbox 1588 2534 1710 2570; x_wconf 82' lang='lat' dir='ltr'>haberi</span> <span class='ocrx_word' id='word_1_311' title='bbox 1723 2535 1745 2570; x_wconf 78' lang='lat' dir='ltr'><strong><em>d</em></strong></span> 
     </span>
     <span class='ocr_line' id='line_1_39' title="bbox 167 2593 1743 2640; baseline 0 -10"><span class='ocrx_word' id='word_1_312' title='bbox 167 2595 208 2631; x_wconf 87' lang='grc'>10</span> <span class='ocrx_word' id='word_1_313' title='bbox 232 2594 469 2631; x_wconf 78' lang='lat' dir='ltr'>aduersantur</span> <span class='ocrx_word' id='word_1_314' title='bbox 491 2596 522 2631; x_wconf 91' lang='lat' dir='ltr'><em>B</em></span> <span class='ocrx_word' id='word_1_315' title='bbox 685 2598 834 2640; x_wconf 87' lang='lat' dir='ltr'>possunt</span> <span class='ocrx_word' id='word_1_316' title='bbox 859 2593 954 2630; x_wconf 87' lang='lat' dir='ltr'>inter</span> <span class='ocrx_word' id='word_1_317' title='bbox 978 2605 1014 2629; x_wconf 85' lang='lat' dir='ltr'>se</span> <span class='ocrx_word' id='word_1_318' title='bbox 1040 2593 1110 2630; x_wconf 91' lang='lat' dir='ltr'>duo</span> <span class='ocrx_word' id='word_1_319' title='bbox 1137 2605 1270 2630; x_wconf 86' lang='lat' dir='ltr'>errores</span> <span class='ocrx_word' id='word_1_320' title='bbox 1296 2596 1393 2639; x_wconf 75' lang='lat' dir='ltr'>(eras.</span> <span class='ocrx_word' id='word_1_321' title='bbox 1425 2595 1517 2630; x_wconf 83' lang='lat' dir='ltr'>inter</span> <span class='ocrx_word' id='word_1_322' title='bbox 1543 2596 1594 2638; x_wconf 86' lang='lat' dir='ltr'>se)</span> <span class='ocrx_word' id='word_1_323' title='bbox 1620 2606 1694 2629; x_wconf 80' lang='lat' dir='ltr'>esse</span> <span class='ocrx_word' id='word_1_324' title='bbox 1714 2596 1743 2630; x_wconf 89' lang='grc' dir='ltr'><em>Ο</em></span> 
     </span>
     <span class='ocr_line' id='line_1_40' title="bbox 166 2652 1745 2701; baseline 0.001 -13"><span class='ocrx_word' id='word_1_325' title='bbox 166 2654 206 2689; x_wconf 91' lang='grc'>11</span> <span class='ocrx_word' id='word_1_326' title='bbox 224 2654 446 2692; x_wconf 85' lang='lat' dir='ltr'>contriiOmI</span> <span class='ocrx_word' id='word_1_327' title='bbox 526 2654 568 2689; x_wconf 85' lang='lat'>12</span> <span class='ocrx_word' id='word_1_328' title='bbox 585 2652 806 2690; x_wconf 86' lang='lat' dir='ltr'>contriiOml</span> <span class='ocrx_word' id='word_1_329' title='bbox 874 2652 1023 2689; x_wconf 68' lang='lat' dir='ltr'>ueritati</span> <span class='ocrx_word' id='word_1_330' title='bbox 1040 2655 1157 2700; x_wconf 76' lang='lat' dir='ltr'>exp.0</span> <span class='ocrx_word' id='word_1_331' title='bbox 1225 2654 1265 2689; x_wconf 92' lang='lat'>13</span> <span class='ocrx_word' id='word_1_332' title='bbox 1283 2654 1495 2701; x_wconf 70' lang='lat' dir='ltr'>pelegianit)</span> <span class='ocrx_word' id='word_1_333' title='bbox 1561 2657 1597 2689; x_wconf 87' lang='lat' dir='ltr'>et</span> <span class='ocrx_word' id='word_1_334' title='bbox 1612 2653 1745 2690; x_wconf 83' lang='lat' dir='ltr'>om.EF</span> 
     </span>
     <span class='ocr_line' id='line_1_41' title="bbox 167 2712 1744 2759; baseline 0 -9"><span class='ocrx_word' id='word_1_335' title='bbox 167 2713 210 2750; x_wconf 80' lang='lat'>15</span> <span class='ocrx_word' id='word_1_336' title='bbox 226 2725 304 2751; x_wconf 83' lang='lat' dir='ltr'>com</span> <span class='ocrx_word' id='word_1_337' title='bbox 317 2715 349 2751; x_wconf 91' lang='lat' dir='ltr'><em>B</em></span> <span class='ocrx_word' id='word_1_338' title='bbox 410 2715 453 2750; x_wconf 89' lang='grc'>19</span> <span class='ocrx_word' id='word_1_339' title='bbox 469 2713 672 2751; x_wconf 82' lang='lat' dir='ltr'>cattolicoo</span> <span class='ocrx_word' id='word_1_340' title='bbox 743 2713 785 2747; x_wconf 83' lang='lat'>20</span> <span class='ocrx_word' id='word_1_341' title='bbox 803 2712 896 2748; x_wconf 76' lang='lat' dir='ltr'>mala</span> <span class='ocrx_word' id='word_1_342' title='bbox 907 2712 936 2748; x_wconf 82' lang='lat'><em>0</em></span> <span class='ocrx_word' id='word_1_343' title='bbox 1005 2713 1045 2748; x_wconf 85' lang='grc'>21</span> <span class='ocrx_word' id='word_1_344' title='bbox 1066 2715 1321 2759; x_wconf 83' lang='lat' dir='ltr'>putaueruntO</span> <span class='ocrx_word' id='word_1_345' title='bbox 1382 2714 1425 2748; x_wconf 81' lang='grc'>22</span> <span class='ocrx_word' id='word_1_346' title='bbox 1440 2713 1670 2749; x_wconf 82' lang='lat' dir='ltr'>celestianum</span> <span class='ocrx_word' id='word_1_347' title='bbox 1679 2714 1744 2750; x_wconf 90' lang='lat' dir='ltr'>OB</span> 
     </span>
     <span class='ocr_line' id='line_1_42' title="bbox 165 2770 1744 2820; baseline -0.002 -9"><span class='ocrx_word' id='word_1_348' title='bbox 165 2773 210 2810; x_wconf 76' lang='lat'>24</span> <span class='ocrx_word' id='word_1_349' title='bbox 226 2784 374 2820; x_wconf 70' lang='lat' dir='ltr'>perunna</span> <span class='ocrx_word' id='word_1_350' title='bbox 387 2775 419 2811; x_wconf 91' lang='lat' dir='ltr'><em>B</em></span> <span class='ocrx_word' id='word_1_351' title='bbox 522 2772 784 2810; x_wconf 81' lang='lat' dir='ltr'>contemtibilia</span> <span class='ocrx_word' id='word_1_352' title='bbox 795 2772 826 2807; x_wconf 89' lang='lat' dir='ltr'><strong><em>V</em></strong></span> <span class='ocrx_word' id='word_1_353' title='bbox 919 2770 963 2807; x_wconf 82' lang='lat'>25</span> <span class='ocrx_word' id='word_1_354' title='bbox 979 2772 1098 2808; x_wconf 87' lang='lat' dir='ltr'>studio</span> <span class='ocrx_word' id='word_1_355' title='bbox 1115 2784 1151 2809; x_wconf 86' lang='lat' dir='ltr'>se</span> <span class='ocrx_word' id='word_1_356' title='bbox 1163 2774 1181 2809; x_wconf 84' lang='lat' dir='ltr'>b</span> <span class='ocrx_word' id='word_1_357' title='bbox 1287 2773 1415 2809; x_wconf 80' lang='lat' dir='ltr'>damna</span> <span class='ocrx_word' id='word_1_358' title='bbox 1434 2774 1486 2816; x_wconf 73' lang='lat' dir='ltr'>(in</span> <span class='ocrx_word' id='word_1_359' title='bbox 1503 2773 1627 2819; x_wconf 70' lang='lat' dir='ltr'>mymL&#39;</span> <span class='ocrx_word' id='word_1_360' title='bbox 1644 2772 1744 2808; x_wconf 80' lang='lat' dir='ltr'>dam-</span> 
     </span>
     <span class='ocr_line' id='line_1_43' title="bbox 165 2831 1021 2880; baseline 0 -11"><span class='ocrx_word' id='word_1_361' title='bbox 165 2832 336 2880; x_wconf 67' lang='lat' dir='ltr'>nandam</span> <span class='ocrx_word' id='word_1_362' title='bbox 410 2832 603 2880; x_wconf 78' lang='lat' dir='ltr'>aliquando</span> <span class='ocrx_word' id='word_1_363' title='bbox 611 2832 673 2871; x_wconf 86' lang='lat' dir='ltr'>OV</span> <span class='ocrx_word' id='word_1_364' title='bbox 746 2831 789 2867; x_wconf 85' lang='lat'>26</span> <span class='ocrx_word' id='word_1_365' title='bbox 806 2833 1021 2869; x_wconf 69' lang='lat' dir='ltr'>tra-ctamo</span> 
     </span>
    </p>
   </div>
  </div>
 </body>
</html>
