2002 3256
8 2412 12 2439 ἕ
96 2416 131 2460 0

102 2572 140 2615 Β

812 294 1120 331 Praefatio
1681 286 1760 330 XV

283 406 454 450 Praeter
499 406 661 450 codices
708 420 886 463 quorum
932 406 1175 450 testimonia
1222 408 1516 463 usurpauimus
1573 423 1640 451 eos
1688 410 1759 465 qui

174 477 409 528 sequuntur
437 472 500 515 ita
530 472 876 524 examinauimuS‚
909 477 957 516 ut
987 472 1111 515 certis
1143 473 1397 528 quibusdam
1427 473 1527 516 locis
1552 479 1758 530 quantum

174 538 405 594 scripturae
445 551 540 581 cum
580 538 733 582 nostris
773 543 847 582 aut
888 538 1171 581 consentirent
1212 543 1287 581 aut
1327 539 1381 582 ab
1422 539 1479 582 eis
1519 541 1757 583 recederent

174 604 534 660 inuestigaremus.
604 609 734 660 atque
787 609 990 660 quattuor
1042 604 1168 647 libros
1223 604 1560 660 complectuntur
1627 607 1759 650 codex

175 669 381 713 Dauensis
414 670 491 713 275
522 682 628 713 saec.
663 669 841 721 X—XI,
875 671 1008 713 codex
1039 670 1167 712 Paris.
1204 670 1303 713 bibl.
1332 671 1655 714 Armamentarii
1688 673 1759 726 (de

173 735 396 790 l'Arsenal)
412 736 487 779 841
511 735 626 792 (424)
647 749 753 779 saec.
779 735 956 787 X-XI,
980 736 1143 779 codices
1162 736 1418 779 Oxonienses
1440 737 1658 781 Bodleiani
1681 739 1758 781 804

175 814 281 844 saec.
315 800 403 843 XII
438 805 480 844 et
503 802 582 845 387
615 815 720 844 saec.
748 801 873 853 XIII,
908 802 1040 845 codex
1063 802 1298 845 (fasincnsis
1322 802 1456 845 CLXI
1490 816 1595 846 saec.
1631 803 1756 855 XIII,

173 868 308 910 codex
330 867 560 910 Vaticanus
581 867 758 912 Latinus
778 868 855 911 445
877 881 983 910 saec.
1007 867 1098 910 XV.
1142 868 1182 910 hi
1208 881 1350 911 omnes
1371 869 1424 911 ad
1447 868 1620 911 classem
1643 870 1759 912 ABG

174 933 398 988 pertinent.
441 933 603 976 codices
630 933 890 985 MellicensiS,
920 934 1099 977 Sanctae
1125 934 1280 984 Crucis,
1309 934 1560 986 Zwetlensis‚
1587 949 1690 991 quos
1715 936 1754 977 in

174 998 451 1054 descriptione
478 999 631 1042 codicis
655 999 693 1042 E
715 999 1146 1050 commemorauimus,
1172 999 1354 1042 familiae
1379 999 1458 1042 DE
1481 1000 1758 1057 coniungendi

173 1067 285 1107 sunt.
311 1065 444 1107 codex
466 1065 780 1121 Scaphusiensis
797 1067 849 1109 36
865 1079 959 1109 saec
991 1065 1056 1107 XI
1074 1079 1137 1108 ex.
1155 1065 1281 1108 libros
1303 1066 1406 1109 duos
1424 1067 1478 1109 ad
1489 1066 1755 1110 Vincentium

176 1129 384 1173 Victorem
414 1130 613 1174 exhibens
642 1144 738 1174 cum
767 1131 909 1174 codice
938 1131 1126 1174 Parisino
1159 1132 1288 1175 13369
1317 1131 1453 1174 iacere
1481 1132 1600 1175 solet.

498 1255 545 1298 V.
576 1255 724 1299 Contra
752 1255 854 1299 duas
882 1257 1077 1311 epistulas
1109 1257 1432 1312 Pelaqianorum.

279 1344 485 1388 Fidelium
516 1345 695 1389 fratrum
727 1358 826 1389 cura
858 1351 899 1388 et
932 1346 1151 1403 uigilantia
1183 1347 1290 1390 duae
1323 1346 1640 1403 Pelagianorum
1673 1348 1755 1403 epi-

172 1410 320 1462 stulae,
356 1425 463 1466 quac
498 1424 571 1467 per
606 1411 774 1454 Italiam
808 1411 915 1454 clam
949 1412 1360 1464 circumferebantur,
1403 1414 1593 1456 detectae
1627 1419 1755 1469 atque

172 1477 227 1519 ad
258 1476 521 1519 Bonifacium
553 1490 707 1532 papam
737 1476 902 1520 delatae
933 1483 1043 1520 sunt.
1091 1478 1267 1521 alteram
1299 1478 1521 1534 epistulam
1554 1479 1753 1530 Iulianus,

173 1547 219 1584 ut
251 1542 482 1593 dicebatur,
517 1542 696 1585 Romam
726 1543 909 1594 miserat,
941 1543 1117 1586 alteram
1147 1544 1259 1587 idem
1289 1557 1384 1588 cum
1414 1545 1558 1587 decem
1588 1550 1629 1587 et
1661 1552 1753 1588 octo

173 1607 292 1663 quasi
315 1607 530 1664 episcopis,
555 1608 627 1663 qui
650 1608 873 1664 epistulam
897 1609 1141 1652 tractoriam
1165 1610 1421 1653 subscribere
1445 1617 1752 1662 recusauerant‚

172 1673 509 1716 Thessalonicam
539 1674 593 1717 ad
626 1673 784 1717 Rufum
814 1674 1055 1731 episcopum
1085 1675 1338 1728 direxerant,
1372 1681 1418 1719 ut
1449 1690 1544 1719 eum
1574 1677 1628 1719 ad
1659 1690 1753 1719 suas

172 1744 311 1794 partes
343 1739 628 1794 perducerent.
680 1739 918 1783 Bonifacius
950 1740 1022 1784 ubi
1053 1741 1095 1783 in
1129 1741 1315 1797 epistulis
1348 1742 1571 1798 Augustini
1603 1756 1752 1785 nomen

172 1804 389 1847 euidenter
407 1819 648 1860 expressum
665 1805 779 1862 legit,
799 1806 874 1849 has
894 1820 966 1862 per
984 1806 1184 1862 Alypium
1203 1807 1444 1863 episcopum
1463 1808 1539 1851 sub
1559 1808 1657 1850 anni
1677 1810 1754 1851 419

171 1869 300 1913 finem
344 1884 395 1913 ex
439 1871 565 1914 Italia
606 1871 649 1914 in
693 1871 878 1915 Africam
920 1877 1201 1916 reuertentem
1245 1873 1480 1929 Augustino
1525 1874 1753 1917 mittendas

172 1935 348 1979 curauit.
404 1936 438 1979 is
478 1950 562 1980 non
603 1942 826 1981 cunctatus
866 1942 930 1980 est
970 1943 1173 1994 quattuor
1212 1938 1326 1981 libris
1368 1944 1513 1982 contra
1554 1939 1753 1995 epistulas

172 2001 490 2058 Pelagianorum
510 2004 772 2059 respondere.
808 2004 953 2059 itaque
974 2004 1198 2047 uerisimile
1219 2009 1281 2047 est
1303 2006 1376 2048 hos
1398 2005 1522 2048 libros
1545 2019 1654 2047 anno
1676 2007 1755 2048 420

171 2067 306 2110 editos
330 2081 429 2111 esse.
470 2068 645 2125 Alypius
669 2082 721 2111 ex
744 2068 885 2112 Africa
906 2069 949 2112 in
975 2069 1144 2113 Italiam
1166 2083 1354 2113 reuersus
1379 2084 1512 2126 papae
1538 2071 1752 2113 Bonifacio

170 2133 248 2175 hoc
263 2146 366 2189 opus
380 2134 572 2177 tradidit.
587 2134 692 2177 libro
707 2135 840 2190 primo
856 2135 1114 2192 Augustinus
1131 2135 1282 2179 Iuliani
1298 2136 1500 2192 epistulae
1515 2137 1751 2191 respondet,

170 2198 212 2240 in
245 2212 330 2254 qua
359 2199 426 2242 hic
457 2200 681 2256 Augustini
712 2201 948 2243 doctrinam
977 2201 1197 2257 inpugnat,
1231 2215 1351 2244 suam
1382 2202 1661 2245 commendat.
1710 2202 1751 2244 in

171 2264 318 2307 ceteris
345 2264 460 2308 libris
489 2265 809 2322 Pelagianorum
837 2267 1042 2310 erroribus
1072 2267 1263 2310 doctrina
1293 2267 1498 2310 catholica
1527 2267 1753 2324 opponitur

171 2342 396 2386 eorumque
423 2330 604 2374 latentes
631 2332 808 2375 insidiae
836 2332 1093 2388 aperiuntur.

275 2419 338 2462 De
376 2420 517 2464 codice
555 2421 899 2465 Oxoniensi
937 2422 1114 2466 Laud.
1154 2423 1312 2466 Misc.
1355 2424 1430 2466 134
1468 2436 1573 2465 saec.
1615 2422 1656 2464 X
1694 2423 1749 2465 in.

176 2497 302 2541 quem
330 2485 444 2529 Vrba
472 2486 652 2530 contulit
680 2486 733 2530 cf.
763 2501 856 2545 pag.
887 2488 985 2531 VII.

278 2574 420 2618 Codex
467 2576 504 2618 A
521 2576 548 2619 b
565 2576 657 2619 rin
674 2590 697 2619 c
713 2591 734 2620 e
750 2591 778 2620 n
796 2577 879 2619 sis
927 2578 980 2620 88
1027 2577 1316 2633 (Michaelinus
1368 2578 1751 2632 Benedictinorum)

170 2639 342 2683 membr.
373 2640 487 2684 misc.
519 2654 625 2685 saec.
657 2642 746 2685 XII
774 2642 953 2698 scriptus
982 2642 1091 2686 foliis
1119 2644 1280 2687 34—89
1308 2644 1386 2686 hoc
1416 2657 1519 2699 opus
1548 2643 1748 2685 continet.

170 2703 274 2748 liber
309 2706 465 2749 maiore
501 2706 653 2751 lacuna
688 2707 866 2760 laborat,
906 2722 1035 2764 quam
1071 2713 1215 2751 tamen
1253 2723 1336 2752 non
1374 2709 1557 2752 incuriae
1594 2708 1750 2750 librarii

169 2770 439 2815 tribuendam
462 2785 563 2824 esse,
588 2773 661 2816 sed
684 2773 771 2816 iam
794 2775 1023 2830 archetypo
1047 2774 1274 2817 inhaesisse
1296 2774 1394 2816 inde
1420 2774 1610 2823 conicias
1638 2773 1750 2828 quod

170 2834 240 2878 fol.
265 2837 318 2880 66
339 2836 450 2880 linea
475 2839 525 2882 13
548 2838 753 2882 uocabulo
777 2839 856 2882 ista
878 2839 1041 2891 finitur,
1064 2838 1137 2882 lin.
1165 2841 1214 2883 14
1239 2852 1340 2883 uoce
1363 2839 1492 2894 qratia
1515 2838 1675 2894 incipit,
1702 2842 1749 2881 ut

169 2900 268 2944 inde
289 2915 316 2946 a
338 2915 432 2960 pag.
457 2903 549 2955 497,
573 2904 600 2947 2
621 2904 719 2959 leqis
742 2931 795 2936 —
815 2904 973 2959 sufficit
995 2904 1069 2948 tibi
1090 2905 1182 2956 507,
1210 2905 1259 2948 16
1283 2905 1423 2947 omnia
1446 2904 1746 2947 desiderentur.

1773 2430 1889 2457 Codices
