<?xml version="1.0" encoding="UTF-8"?>
<!DOCTYPE html PUBLIC "-//W3C//DTD XHTML 1.0 Transitional//EN"
    "http://www.w3.org/TR/xhtml1/DTD/xhtml1-transitional.dtd">
<html xmlns="http://www.w3.org/1999/xhtml" xml:lang="en" lang="en">
 <head>
  <title>
</title>
<meta http-equiv="Content-Type" content="text/html;charset=utf-8" />
  <meta name='ocr-system' content='tesseract 3.04.00' />
  <meta name='ocr-capabilities' content='ocr_page ocr_carea ocr_par ocr_line ocrx_word'/>
</head>
<body>
  <div class='ocr_page' id='page_1' title='image "./corpusscriptorum60auguuoft_0264.png"; bbox 0 0 2028 3204; ppageno 0'>
   <div class='ocr_carea' id='block_1_1' title="bbox 237 207 1269 266">
    <p class='ocr_par' dir='ltr' id='par_1_1' title="bbox 237 207 1269 266">
     <span class='ocr_line' id='line_1_1' title="bbox 237 207 1269 266; baseline 0.007 -18"><span class='ocrx_word' id='word_1_1' title='bbox 237 207 319 249; x_wconf 70' lang='lat'>2:34</span> <span class='ocrx_word' id='word_1_2' title='bbox 754 218 819 254; x_wconf 85' lang='lat'>111.</span> <span class='ocrx_word' id='word_1_3' title='bbox 845 218 896 254; x_wconf 84' lang='lat' dir='ltr'>De</span> <span class='ocrx_word' id='word_1_4' title='bbox 929 224 1059 254; x_wconf 83' lang='lat' dir='ltr'>natura</span> <span class='ocrx_word' id='word_1_5' title='bbox 1089 223 1125 254; x_wconf 87' lang='lat' dir='ltr'>et</span> <span class='ocrx_word' id='word_1_6' title='bbox 1156 219 1269 266; x_wconf 85' lang='lat' dir='ltr'>gratia</span> 
     </span>
    </p>
   </div>
   <div class='ocr_carea' id='block_1_2' title="bbox 233 342 1813 1579">
    <p class='ocr_par' dir='ltr' id='par_1_2' title="bbox 233 342 1813 729">
     <span class='ocr_line' id='line_1_2' title="bbox 238 342 1813 402; baseline 0.004 -18"><span class='ocrx_word' id='word_1_7' title='bbox 238 342 573 385; x_wconf 84' lang='lat' dir='ltr'>iustitiam.</span> <span class='ocrx_word' id='word_1_8' title='bbox 629 356 829 385; x_wconf 79' lang='lat' dir='ltr'>omnes</span> <span class='ocrx_word' id='word_1_9' title='bbox 871 343 1026 385; x_wconf 91' lang='lat' dir='ltr'>enim</span> <span class='ocrx_word' id='word_1_10' title='bbox 1068 351 1494 398; x_wconf 85' lang='lat' dir='ltr'>peccauerunt</span> <span class='ocrx_word' id='word_1_11' title='bbox 1535 352 1592 388; x_wconf 89' lang='lat' dir='ltr'>et</span> <span class='ocrx_word' id='word_1_12' title='bbox 1634 354 1813 402; x_wconf 81' lang='lat' dir='ltr'>egent</span> 
     </span>
     <span class='ocr_line' id='line_1_3' title="bbox 233 408 1812 467; baseline 0.004 -18"><span class='ocrx_word' id='word_1_13' title='bbox 233 408 437 462; x_wconf 70' lang='lat' dir='ltr'>gloria</span> <span class='ocrx_word' id='word_1_14' title='bbox 483 408 579 450; x_wconf 84' lang='lat' dir='ltr'>dei</span> <span class='ocrx_word' id='word_1_15' title='bbox 634 408 999 451; x_wconf 85' lang='lat' dir='ltr'>iustificati</span> <span class='ocrx_word' id='word_1_16' title='bbox 1054 409 1257 464; x_wconf 82' lang='lat' dir='ltr'>gratis</span> <span class='ocrx_word' id='word_1_17' title='bbox 1305 424 1407 465; x_wconf 88' lang='lat' dir='ltr'>per</span> <span class='ocrx_word' id='word_1_18' title='bbox 1454 411 1812 467; x_wconf 75' lang='lat' dir='ltr'>sanguinem</span> 
     </span>
     <span class='ocr_line' id='line_1_4' title="bbox 237 474 1811 530; baseline 0.004 -16"><span class='ocrx_word' id='word_1_19' title='bbox 237 474 246 514; x_wconf 92' lang='lat' dir='ltr'>i</span> <span class='ocrx_word' id='word_1_20' title='bbox 265 487 291 528; x_wconf 88' lang='lat' dir='ltr'><strong>p</strong></span> <span class='ocrx_word' id='word_1_21' title='bbox 310 489 327 515; x_wconf 86' lang='lat' dir='ltr'>s</span> <span class='ocrx_word' id='word_1_22' title='bbox 347 474 357 515; x_wconf 94' lang='lat' dir='ltr'>i</span> <span class='ocrx_word' id='word_1_23' title='bbox 376 488 401 515; x_wconf 95' lang='lat' dir='ltr'>u</span> <span class='ocrx_word' id='word_1_24' title='bbox 420 487 451 515; x_wconf 79' lang='lat' dir='ltr'>s,</span> <span class='ocrx_word' id='word_1_25' title='bbox 495 474 744 528; x_wconf 82' lang='lat' dir='ltr'>quicumque</span> <span class='ocrx_word' id='word_1_26' title='bbox 765 480 851 516; x_wconf 71' lang='lat' dir='ltr'>aut·</span> <span class='ocrx_word' id='word_1_27' title='bbox 867 488 908 515; x_wconf 90' lang='lat' dir='ltr'>m</span> <span class='ocrx_word' id='word_1_28' title='bbox 929 488 1011 517; x_wconf 85' lang='lat' dir='ltr'>nen</span> <span class='ocrx_word' id='word_1_29' title='bbox 1034 480 1238 529; x_wconf 86' lang='lat' dir='ltr'>putantur</span> <span class='ocrx_word' id='word_1_30' title='bbox 1258 477 1464 530; x_wconf 84' lang='lat' dir='ltr'>pertinere</span> <span class='ocrx_word' id='word_1_31' title='bbox 1486 478 1538 519; x_wconf 85' lang='lat' dir='ltr'>ad</span> <span class='ocrx_word' id='word_1_32' title='bbox 1559 477 1635 520; x_wconf 84' lang='lat' dir='ltr'>hes</span> <span class='ocrx_word' id='word_1_33' title='bbox 1657 491 1811 524; x_wconf 73' lang='lat' dir='ltr'>onmes,</span> 
     </span>
     <span class='ocr_line' id='line_1_5' title="bbox 237 539 1811 596; baseline 0.003 -16"><span class='ocrx_word' id='word_1_34' title='bbox 237 539 306 593; x_wconf 89' lang='lat' dir='ltr'>qui</span> <span class='ocrx_word' id='word_1_35' title='bbox 334 545 613 593; x_wconf 79' lang='lat' dir='ltr'>peccauerunt</span> <span class='ocrx_word' id='word_1_36' title='bbox 641 545 683 581; x_wconf 89' lang='lat' dir='ltr'>et</span> <span class='ocrx_word' id='word_1_37' title='bbox 710 545 833 595; x_wconf 82' lang='lat' dir='ltr'>egent</span> <span class='ocrx_word' id='word_1_38' title='bbox 857 540 986 595; x_wconf 82' lang='lat' dir='ltr'>gloria</span> <span class='ocrx_word' id='word_1_39' title='bbox 1013 539 1093 590; x_wconf 90' lang='lat' dir='ltr'>dei,</span> <span class='ocrx_word' id='word_1_40' title='bbox 1122 540 1308 596; x_wconf 88' lang='lat' dir='ltr'>prefecto</span> <span class='ocrx_word' id='word_1_41' title='bbox 1337 542 1495 584; x_wconf 84' lang='lat' dir='ltr'>nullam</span> <span class='ocrx_word' id='word_1_42' title='bbox 1522 543 1811 586; x_wconf 67' lang='lat' dir='ltr'>necessitat.111</span> 
     </span>
     <span class='ocr_line' id='line_1_6' title="bbox 235 604 1811 662; baseline 0.003 -16"><span class='ocrx_word' id='word_1_43' title='bbox 235 604 392 646; x_wconf 79' lang='lat' dir='ltr'>habent</span> <span class='ocrx_word' id='word_1_44' title='bbox 423 610 470 646; x_wconf 88' lang='lat' dir='ltr'>ut</span> <span class='ocrx_word' id='word_1_45' title='bbox 501 604 725 647; x_wconf 81' lang='lat' dir='ltr'>Christiani</span> <span class='ocrx_word' id='word_1_46' title='bbox 755 605 876 649; x_wconf 83' lang='lat' dir='ltr'>fiant.</span> <span class='ocrx_word' id='word_1_47' title='bbox 902 606 999 660; x_wconf 88' lang='lat' dir='ltr'>quia</span> <span class='ocrx_word' id='word_1_48' title='bbox 1029 620 1111 648; x_wconf 90' lang='lat' dir='ltr'>non</span> <span class='ocrx_word' id='word_1_49' title='bbox 1142 611 1206 648; x_wconf 87' lang='lat' dir='ltr'>est</span> <span class='ocrx_word' id='word_1_50' title='bbox 1237 620 1339 662; x_wconf 90' lang='lat' dir='ltr'>opus</span> <span class='ocrx_word' id='word_1_51' title='bbox 1371 607 1481 650; x_wconf 83' lang='lat' dir='ltr'>sanis</span> <span class='ocrx_word' id='word_1_52' title='bbox 1512 608 1709 655; x_wconf 79' lang='lat' dir='ltr'>medicus,</span> <span class='ocrx_word' id='word_1_53' title='bbox 1740 609 1811 651; x_wconf 89' lang='lat' dir='ltr'>sed</span> 
     </span>
     <span class='ocr_line' id='line_1_7' title="bbox 234 670 1809 729; baseline 0.004 -18"><span class='ocrx_word' id='word_1_54' title='bbox 234 670 566 726; x_wconf 81' lang='lat' dir='ltr'>aegrotantibus3</span> <span class='ocrx_word' id='word_1_55' title='bbox 601 671 711 713; x_wconf 89' lang='lat' dir='ltr'>unde</span> <span class='ocrx_word' id='word_1_56' title='bbox 742 684 825 713; x_wconf 89' lang='lat' dir='ltr'>non</span> <span class='ocrx_word' id='word_1_57' title='bbox 858 671 974 713; x_wconf 78' lang='lat' dir='ltr'>uenit</span> <span class='ocrx_word' id='word_1_58' title='bbox 1005 671 1071 713; x_wconf 91' lang='lat' dir='ltr'>ille</span> <span class='ocrx_word' id='word_1_59' title='bbox 1103 685 1251 714; x_wconf 88' lang='lat' dir='ltr'>uocare</span> <span class='ocrx_word' id='word_1_60' title='bbox 1284 672 1428 723; x_wconf 86' lang='lat' dir='ltr'>iustos,</span> <span class='ocrx_word' id='word_1_61' title='bbox 1458 673 1528 715; x_wconf 93' lang='lat' dir='ltr'>sed</span> <span class='ocrx_word' id='word_1_62' title='bbox 1562 679 1809 729; x_wconf 79' lang='lat' dir='ltr'>peccatores,</span> 
     </span>
    </p>

    <p class='ocr_par' dir='ltr' id='par_1_3' title="bbox 234 735 1812 1579">
     <span class='ocr_line' id='line_1_8' title="bbox 345 735 1812 795; baseline 0.003 -18"><span class='ocrx_word' id='word_1_63' title='bbox 345 735 398 777; x_wconf 91' lang='grc' dir='ltr'>Π.</span> <span class='ocrx_word' id='word_1_64' title='bbox 431 737 466 778; x_wconf 77' lang='grc'>2.</span> <span class='ocrx_word' id='word_1_65' title='bbox 499 735 558 778; x_wconf 84' lang='lat' dir='ltr'>Ac</span> <span class='ocrx_word' id='word_1_66' title='bbox 584 750 655 791; x_wconf 88' lang='lat' dir='ltr'>per</span> <span class='ocrx_word' id='word_1_67' title='bbox 680 736 758 778; x_wconf 88' lang='lat' dir='ltr'>hoc</span> <span class='ocrx_word' id='word_1_68' title='bbox 785 742 935 779; x_wconf 88' lang='lat' dir='ltr'>natura</span> <span class='ocrx_word' id='word_1_69' title='bbox 960 737 1132 779; x_wconf 84' lang='lat' dir='ltr'>humani</span> <span class='ocrx_word' id='word_1_70' title='bbox 1155 737 1314 794; x_wconf 85' lang='lat' dir='ltr'>generis</span> <span class='ocrx_word' id='word_1_71' title='bbox 1340 752 1391 780; x_wconf 87' lang='lat' dir='ltr'>ex</span> <span class='ocrx_word' id='word_1_72' title='bbox 1417 738 1523 781; x_wconf 90' lang='lat' dir='ltr'>illius</span> <span class='ocrx_word' id='word_1_73' title='bbox 1550 739 1669 781; x_wconf 86' lang='lat' dir='ltr'>unius</span> <span class='ocrx_word' id='word_1_74' title='bbox 1697 753 1812 795; x_wconf 84' lang='lat' dir='ltr'>prae-</span> 
     </span>
     <span class='ocr_line' id='line_1_9' title="bbox 236 801 1811 860; baseline 0.003 -18"><span class='ocrx_word' id='word_1_75' title='bbox 236 801 479 843; x_wconf 86' lang='lat' dir='ltr'>uaricateris</span> <span class='ocrx_word' id='word_1_76' title='bbox 509 815 629 844; x_wconf 88' lang='lat' dir='ltr'>carne</span> <span class='ocrx_word' id='word_1_77' title='bbox 659 807 891 857; x_wconf 86' lang='lat' dir='ltr'>procreata,</span> <span class='ocrx_word' id='word_1_78' title='bbox 932 802 965 844; x_wconf 88' lang='lat' dir='ltr'>si</span> <span class='ocrx_word' id='word_1_79' title='bbox 995 807 1135 857; x_wconf 87' lang='lat' dir='ltr'>potest</span> <span class='ocrx_word' id='word_1_80' title='bbox 1163 803 1241 845; x_wconf 92' lang='lat' dir='ltr'>sibi</span> <span class='ocrx_word' id='word_1_81' title='bbox 1270 803 1460 846; x_wconf 85' lang='lat' dir='ltr'>sufficere</span> <span class='ocrx_word' id='word_1_82' title='bbox 1488 804 1543 846; x_wconf 88' lang='lat' dir='ltr'>ad</span> <span class='ocrx_word' id='word_1_83' title='bbox 1572 804 1811 860; x_wconf 81' lang='lat' dir='ltr'>inplendanl</span> 
     </span>
     <span class='ocr_line' id='line_1_10' title="bbox 237 867 1810 923; baseline 0.003 -15"><span class='ocrx_word' id='word_1_84' title='bbox 237 867 366 922; x_wconf 81' lang='lat' dir='ltr'>legem</span> <span class='ocrx_word' id='word_1_85' title='bbox 401 867 779 922; x_wconf 74' lang='lat' dir='ltr'>perficiendamque</span> <span class='ocrx_word' id='word_1_86' title='bbox 815 867 1034 917; x_wconf 80' lang='lat' dir='ltr'>iustitiam,</span> <span class='ocrx_word' id='word_1_87' title='bbox 1071 869 1120 910; x_wconf 83' lang='lat' dir='ltr'>de</span> <span class='ocrx_word' id='word_1_88' title='bbox 1157 870 1339 923; x_wconf 86' lang='lat' dir='ltr'>praemio</span> <span class='ocrx_word' id='word_1_89' title='bbox 1375 869 1499 911; x_wconf 87' lang='lat' dir='ltr'>debet</span> <span class='ocrx_word' id='word_1_90' title='bbox 1534 883 1620 912; x_wconf 86' lang='lat' dir='ltr'>esse</span> <span class='ocrx_word' id='word_1_91' title='bbox 1655 884 1810 920; x_wconf 82' lang='lat' dir='ltr'>secura,</span> 
     </span>
     <span class='ocr_line' id='line_1_11' title="bbox 235 933 1810 990; baseline 0.003 -16"><span class='ocrx_word' id='word_1_92' title='bbox 235 933 312 974; x_wconf 87' lang='lat' dir='ltr'>hec</span> <span class='ocrx_word' id='word_1_93' title='bbox 333 938 397 974; x_wconf 88' lang='lat' dir='ltr'>est</span> <span class='ocrx_word' id='word_1_94' title='bbox 416 934 466 975; x_wconf 88' lang='lat' dir='ltr'>de</span> <span class='ocrx_word' id='word_1_95' title='bbox 487 933 576 975; x_wconf 89' lang='lat' dir='ltr'>uita</span> <span class='ocrx_word' id='word_1_96' title='bbox 597 938 778 981; x_wconf 84' lang='lat' dir='ltr'>aeterna,</span> <span class='ocrx_word' id='word_1_97' title='bbox 801 933 965 975; x_wconf 84' lang='lat' dir='ltr'>etiamsi</span> <span class='ocrx_word' id='word_1_98' title='bbox 984 934 1026 975; x_wconf 93' lang='lat' dir='ltr'>in</span> <span class='ocrx_word' id='word_1_99' title='bbox 1046 934 1185 989; x_wconf 81' lang='lat' dir='ltr'>aliqua</span> <span class='ocrx_word' id='word_1_100' title='bbox 1206 939 1328 990; x_wconf 87' lang='lat' dir='ltr'>gente</span> <span class='ocrx_word' id='word_1_101' title='bbox 1350 940 1425 977; x_wconf 87' lang='lat' dir='ltr'>aut</span> <span class='ocrx_word' id='word_1_102' title='bbox 1443 935 1582 990; x_wconf 89' lang='lat' dir='ltr'>aliquo</span> <span class='ocrx_word' id='word_1_103' title='bbox 1603 937 1810 990; x_wconf 80' lang='lat' dir='ltr'>superiore</span> 
     </span>
     <span class='ocr_line' id='line_1_12' title="bbox 236 998 1811 1054; baseline 0.002 -14"><span class='ocrx_word' id='word_1_104' title='bbox 236 1003 421 1053; x_wconf 82' lang='lat' dir='ltr'>tempere</span> <span class='ocrx_word' id='word_1_105' title='bbox 459 998 562 1040; x_wconf 84' lang='lat' dir='ltr'>fides</span> <span class='ocrx_word' id='word_1_106' title='bbox 599 1012 691 1040; x_wconf 89' lang='lat' dir='ltr'>eam</span> <span class='ocrx_word' id='word_1_107' title='bbox 727 998 851 1041; x_wconf 86' lang='lat' dir='ltr'>latuit</span> <span class='ocrx_word' id='word_1_108' title='bbox 887 999 1097 1054; x_wconf 84' lang='lat' dir='ltr'>sanguinis</span> <span class='ocrx_word' id='word_1_109' title='bbox 1133 999 1298 1042; x_wconf 68' lang='lat' dir='ltr'>Christi.</span> <span class='ocrx_word' id='word_1_110' title='bbox 1370 1014 1452 1042; x_wconf 88' lang='lat' dir='ltr'>nen</span> <span class='ocrx_word' id='word_1_111' title='bbox 1488 1001 1598 1043; x_wconf 90' lang='lat' dir='ltr'>enim</span> <span class='ocrx_word' id='word_1_112' title='bbox 1635 1001 1811 1043; x_wconf 80' lang='lat' dir='ltr'>iniustus</span> 
     </span>
     <span class='ocr_line' id='line_1_13' title="bbox 235 1063 1811 1119; baseline 0.001 -14"><span class='ocrx_word' id='word_1_113' title='bbox 235 1064 349 1108; x_wconf 82' lang='lat' dir='ltr'>deus,</span> <span class='ocrx_word' id='word_1_114' title='bbox 371 1064 441 1119; x_wconf 93' lang='lat' dir='ltr'>qui</span> <span class='ocrx_word' id='word_1_115' title='bbox 458 1064 587 1106; x_wconf 86' lang='lat' dir='ltr'>iustos</span> <span class='ocrx_word' id='word_1_116' title='bbox 607 1063 772 1106; x_wconf 87' lang='lat' dir='ltr'>fraudet</span> <span class='ocrx_word' id='word_1_117' title='bbox 789 1066 975 1106; x_wconf 80' lang='lat' dir='ltr'>mercede</span> <span class='ocrx_word' id='word_1_118' title='bbox 993 1064 1190 1115; x_wconf 86' lang='lat' dir='ltr'>iustitiae,</span> <span class='ocrx_word' id='word_1_119' title='bbox 1210 1065 1244 1107; x_wconf 91' lang='lat' dir='ltr'>si</span> <span class='ocrx_word' id='word_1_120' title='bbox 1259 1065 1316 1107; x_wconf 88' lang='lat' dir='ltr'>eis</span> <span class='ocrx_word' id='word_1_121' title='bbox 1334 1080 1416 1108; x_wconf 87' lang='lat' dir='ltr'>nen</span> <span class='ocrx_word' id='word_1_122' title='bbox 1434 1071 1497 1108; x_wconf 87' lang='lat' dir='ltr'>est</span> <span class='ocrx_word' id='word_1_123' title='bbox 1513 1067 1811 1109; x_wconf 84' lang='lat' dir='ltr'>annuntiatum</span> 
     </span>
     <span class='ocr_line' id='line_1_14' title="bbox 235 1129 1812 1186; baseline 0.003 -17"><span class='ocrx_word' id='word_1_124' title='bbox 235 1134 543 1171; x_wconf 71' lang='lat' dir='ltr'>sacramentum</span> <span class='ocrx_word' id='word_1_125' title='bbox 576 1129 808 1172; x_wconf 88' lang='lat' dir='ltr'>diuinitatis</span> <span class='ocrx_word' id='word_1_126' title='bbox 842 1135 885 1172; x_wconf 90' lang='lat' dir='ltr'>et</span> <span class='ocrx_word' id='word_1_127' title='bbox 917 1130 1192 1173; x_wconf 85' lang='lat' dir='ltr'>humanitatis</span> <span class='ocrx_word' id='word_1_128' title='bbox 1226 1131 1392 1181; x_wconf 75' lang='lat' dir='ltr'>Christi,</span> <span class='ocrx_word' id='word_1_129' title='bbox 1428 1132 1536 1186; x_wconf 90' lang='lat' dir='ltr'>quod</span> <span class='ocrx_word' id='word_1_130' title='bbox 1572 1131 1812 1174; x_wconf 71' lang='lat' dir='ltr'>manifesta-</span> 
     </span>
     <span class='ocr_line' id='line_1_15' title="bbox 236 1195 1810 1252; baseline 0.001 -16"><span class='ocrx_word' id='word_1_131' title='bbox 236 1200 326 1237; x_wconf 89' lang='lat' dir='ltr'>tum</span> <span class='ocrx_word' id='word_1_132' title='bbox 362 1200 424 1237; x_wconf 80' lang='lat' dir='ltr'>est</span> <span class='ocrx_word' id='word_1_133' title='bbox 451 1195 493 1236; x_wconf 93' lang='lat' dir='ltr'>in</span> <span class='ocrx_word' id='word_1_134' title='bbox 521 1209 653 1237; x_wconf 86' lang='lat' dir='ltr'>carne.</span> <span class='ocrx_word' id='word_1_135' title='bbox 699 1195 905 1250; x_wconf 74' lang='lat' dir='ltr'>quomode</span> <span class='ocrx_word' id='word_1_136' title='bbox 932 1195 1042 1237; x_wconf 91' lang='lat' dir='ltr'>enim</span> <span class='ocrx_word' id='word_1_137' title='bbox 1069 1196 1281 1238; x_wconf 83' lang='lat' dir='ltr'>crederent</span> <span class='ocrx_word' id='word_1_138' title='bbox 1310 1197 1420 1252; x_wconf 88' lang='lat' dir='ltr'>qued</span> <span class='ocrx_word' id='word_1_139' title='bbox 1446 1211 1529 1239; x_wconf 91' lang='lat' dir='ltr'>non</span> <span class='ocrx_word' id='word_1_140' title='bbox 1555 1197 1810 1240; x_wconf 81' lang='lat' dir='ltr'>audierunt?</span> 
     </span>
     <span class='ocr_line' id='line_1_16' title="bbox 234 1261 1812 1317; baseline 0.002 -15"><span class='ocrx_word' id='word_1_141' title='bbox 234 1266 310 1302; x_wconf 84' lang='lat' dir='ltr'>aut</span> <span class='ocrx_word' id='word_1_142' title='bbox 339 1261 546 1315; x_wconf 84' lang='lat' dir='ltr'>quomode</span> <span class='ocrx_word' id='word_1_143' title='bbox 575 1261 769 1303; x_wconf 82' lang='lat' dir='ltr'>audirent</span> <span class='ocrx_word' id='word_1_144' title='bbox 796 1261 883 1303; x_wconf 82' lang='lat' dir='ltr'>sine</span> <span class='ocrx_word' id='word_1_145' title='bbox 911 1261 1203 1317; x_wconf 80' lang='lat' dir='ltr'>praedicante?</span> <span class='ocrx_word' id='word_1_146' title='bbox 1259 1261 1345 1304; x_wconf 88' lang='lat' dir='ltr'>fid</span> <span class='ocrx_word' id='word_1_147' title='bbox 1365 1277 1387 1304; x_wconf 89' lang='lat' dir='ltr'>e</span> <span class='ocrx_word' id='word_1_148' title='bbox 1404 1276 1421 1304; x_wconf 90' lang='lat' dir='ltr'>s</span> <span class='ocrx_word' id='word_1_149' title='bbox 1465 1263 1575 1305; x_wconf 86' lang='lat' dir='ltr'>enim</span> <span class='ocrx_word' id='word_1_150' title='bbox 1617 1277 1638 1305; x_wconf 92' lang='lat' dir='ltr'>e</span> <span class='ocrx_word' id='word_1_151' title='bbox 1656 1276 1683 1304; x_wconf 87' lang='lat' dir='ltr'>x</span> <span class='ocrx_word' id='word_1_152' title='bbox 1724 1277 1748 1305; x_wconf 87' lang='lat' dir='ltr'>a</span> <span class='ocrx_word' id='word_1_153' title='bbox 1766 1277 1812 1305; x_wconf 90' lang='lat' dir='ltr'>u-</span> 
     </span>
     <span class='ocr_line' id='line_1_17' title="bbox 234 1326 1811 1382; baseline 0.002 -15"><span class='ocrx_word' id='word_1_154' title='bbox 234 1326 384 1375; x_wconf 84' lang='lat' dir='ltr'>‹litu,</span> <span class='ocrx_word' id='word_1_155' title='bbox 413 1326 521 1368; x_wconf 81' lang='lat' dir='ltr'>sieut</span> <span class='ocrx_word' id='word_1_156' title='bbox 547 1327 749 1382; x_wconf 89' lang='lat' dir='ltr'>scriptum</span> <span class='ocrx_word' id='word_1_157' title='bbox 775 1332 852 1374; x_wconf 89' lang='lat' dir='ltr'>est,</span> <span class='ocrx_word' id='word_1_158' title='bbox 880 1326 1137 1369; x_wconf 84' lang='lat' dir='ltr'>auditus</span> <span class='ocrx_word' id='word_1_159' title='bbox 1179 1332 1381 1370; x_wconf 87' lang='lat' dir='ltr'>autem</span> <span class='ocrx_word' id='word_1_160' title='bbox 1423 1342 1523 1382; x_wconf 92' lang='lat' dir='ltr'>per</span> <span class='ocrx_word' id='word_1_161' title='bbox 1565 1328 1811 1370; x_wconf 87' lang='lat' dir='ltr'>uerbum</span> 
     </span>
     <span class='ocr_line' id='line_1_18' title="bbox 236 1392 1811 1447; baseline 0.003 -15"><span class='ocrx_word' id='word_1_162' title='bbox 236 1392 490 1434; x_wconf 80' lang='lat' dir='ltr'>Christi.</span> <span class='ocrx_word' id='word_1_163' title='bbox 518 1392 608 1434; x_wconf 81' lang='lat' dir='ltr'>sed</span> <span class='ocrx_word' id='word_1_164' title='bbox 635 1392 784 1443; x_wconf 89' lang='lat' dir='ltr'>dico,</span> <span class='ocrx_word' id='word_1_165' title='bbox 809 1392 964 1447; x_wconf 89' lang='lat' dir='ltr'>inquit:</span> <span class='ocrx_word' id='word_1_166' title='bbox 992 1393 1287 1447; x_wconf 86' lang='lat' dir='ltr'>numquid</span> <span class='ocrx_word' id='word_1_167' title='bbox 1311 1407 1422 1435; x_wconf 90' lang='lat' dir='ltr'>non</span> <span class='ocrx_word' id='word_1_168' title='bbox 1447 1393 1811 1436; x_wconf 76' lang='lat' dir='ltr'>audierunt?</span> 
     </span>
     <span class='ocr_line' id='line_1_19' title="bbox 236 1457 1811 1506; baseline 0.001 -6"><span class='ocrx_word' id='word_1_169' title='bbox 236 1459 291 1500; x_wconf 89' lang='lat' dir='ltr'>in</span> <span class='ocrx_word' id='word_1_170' title='bbox 317 1471 543 1500; x_wconf 83' lang='lat' dir='ltr'>omnem</span> <span class='ocrx_word' id='word_1_171' title='bbox 578 1463 806 1500; x_wconf 88' lang='lat' dir='ltr'>terram</span> <span class='ocrx_word' id='word_1_172' title='bbox 831 1457 992 1500; x_wconf 84' lang='lat' dir='ltr'>exiit</span> <span class='ocrx_word' id='word_1_173' title='bbox 1027 1471 1209 1501; x_wconf 86' lang='lat' dir='ltr'>sonus</span> <span class='ocrx_word' id='word_1_174' title='bbox 1247 1472 1450 1506; x_wconf 81' lang='lat' dir='ltr'>eorum</span> <span class='ocrx_word' id='word_1_175' title='bbox 1484 1464 1541 1501; x_wconf 88' lang='lat' dir='ltr'>et</span> <span class='ocrx_word' id='word_1_176' title='bbox 1567 1459 1623 1501; x_wconf 94' lang='lat' dir='ltr'>in</span> <span class='ocrx_word' id='word_1_177' title='bbox 1650 1459 1811 1502; x_wconf 81' lang='lat' dir='ltr'>fines</span> 
     </span>
     <span class='ocr_line' id='line_1_20' title="bbox 234 1524 1811 1579; baseline -0.001 -13"><span class='ocrx_word' id='word_1_178' title='bbox 234 1538 256 1566; x_wconf 84' lang='grc'><strong>0</strong></span> <span class='ocrx_word' id='word_1_179' title='bbox 275 1537 295 1564; x_wconf 81' lang='lat'>1·</span> <span class='ocrx_word' id='word_1_180' title='bbox 313 1524 338 1565; x_wconf 91' lang='lat' dir='ltr'><strong>b</strong></span> <span class='ocrx_word' id='word_1_181' title='bbox 358 1524 369 1565; x_wconf 96' lang='lat' dir='ltr'>i</span> <span class='ocrx_word' id='word_1_182' title='bbox 387 1538 404 1565; x_wconf 92' lang='lat' dir='ltr'>s</span> <span class='ocrx_word' id='word_1_183' title='bbox 433 1529 451 1565; x_wconf 86' lang='lat' dir='ltr'>t</span> <span class='ocrx_word' id='word_1_184' title='bbox 467 1538 487 1565; x_wconf 87' lang='lat' dir='ltr'>e</span> <span class='ocrx_word' id='word_1_185' title='bbox 509 1537 526 1564; x_wconf 89' lang='lat' dir='ltr'>r</span> <span class='ocrx_word' id='word_1_186' title='bbox 542 1537 602 1566; x_wconf 88' lang='lat' dir='ltr'>ra</span> <span class='ocrx_word' id='word_1_187' title='bbox 620 1538 640 1565; x_wconf 88' lang='lat' dir='ltr'>e</span> <span class='ocrx_word' id='word_1_188' title='bbox 668 1538 695 1566; x_wconf 94' lang='lat' dir='ltr'>u</span> <span class='ocrx_word' id='word_1_189' title='bbox 714 1537 733 1565; x_wconf 89' lang='lat' dir='ltr'>e</span> <span class='ocrx_word' id='word_1_190' title='bbox 751 1537 770 1565; x_wconf 88' lang='lat' dir='ltr'>r</span> <span class='ocrx_word' id='word_1_191' title='bbox 788 1524 813 1565; x_wconf 94' lang='lat' dir='ltr'>b</span> <span class='ocrx_word' id='word_1_192' title='bbox 830 1537 855 1566; x_wconf 88' lang='lat' dir='ltr'>a</span> <span class='ocrx_word' id='word_1_193' title='bbox 882 1538 904 1565; x_wconf 94' lang='lat' dir='ltr'>e</span> <span class='ocrx_word' id='word_1_194' title='bbox 922 1538 944 1565; x_wconf 94' lang='grc'><strong>0</strong></span> <span class='ocrx_word' id='word_1_195' title='bbox 963 1538 982 1566; x_wconf 92' lang='lat' dir='ltr'>r</span> <span class='ocrx_word' id='word_1_196' title='bbox 999 1539 1025 1566; x_wconf 94' lang='lat' dir='ltr'>u</span> <span class='ocrx_word' id='word_1_197' title='bbox 1043 1538 1097 1566; x_wconf 91' lang='lat' dir='ltr'>m.</span> <span class='ocrx_word' id='word_1_198' title='bbox 1153 1524 1224 1566; x_wconf 82' lang='lat' dir='ltr'>sed</span> <span class='ocrx_word' id='word_1_199' title='bbox 1251 1528 1480 1579; x_wconf 85' lang='lat' dir='ltr'>antequam</span> <span class='ocrx_word' id='word_1_200' title='bbox 1506 1525 1585 1567; x_wconf 88' lang='lat' dir='ltr'>hoc</span> <span class='ocrx_word' id='word_1_201' title='bbox 1612 1524 1811 1579; x_wconf 79' lang='lat' dir='ltr'>inciperft</span> 
     </span>
    </p>
   </div>
   <div class='ocr_carea' id='block_1_3' title="bbox 236 1588 1853 1645">
    <p class='ocr_par' dir='ltr' id='par_1_4' title="bbox 236 1588 1853 1645">
     <span class='ocr_line' id='line_1_21' title="bbox 236 1588 1853 1645; baseline 0.001 -15"><span class='ocrx_word' id='word_1_202' title='bbox 236 1589 338 1640; x_wconf 80' lang='lat' dir='ltr'>fieri,</span> <span class='ocrx_word' id='word_1_203' title='bbox 371 1594 599 1644; x_wconf 83' lang='lat' dir='ltr'>antequam</span> <span class='ocrx_word' id='word_1_204' title='bbox 630 1589 808 1644; x_wconf 83' lang='lat' dir='ltr'>denique</span> <span class='ocrx_word' id='word_1_205' title='bbox 839 1602 969 1644; x_wconf 87' lang='lat' dir='ltr'>usque</span> <span class='ocrx_word' id='word_1_206' title='bbox 1000 1590 1055 1631; x_wconf 89' lang='lat' dir='ltr'>ad</span> <span class='ocrx_word' id='word_1_207' title='bbox 1087 1588 1191 1631; x_wconf 83' lang='lat' dir='ltr'>fines</span> <span class='ocrx_word' id='word_1_208' title='bbox 1225 1590 1355 1632; x_wconf 84' lang='lat' dir='ltr'>tetius</span> <span class='ocrx_word' id='word_1_209' title='bbox 1388 1589 1496 1632; x_wconf 88' lang='lat' dir='ltr'>orbis</span> <span class='ocrx_word' id='word_1_210' title='bbox 1530 1596 1661 1632; x_wconf 80' lang='lat' dir='ltr'>terrae</span> <span class='ocrx_word' id='word_1_211' title='bbox 1695 1603 1810 1645; x_wconf 72' lang='lat' dir='ltr'>prae·</span> <span class='ocrx_word' id='word_1_212' title='bbox 1837 1602 1853 1631; x_wconf 74' lang='lat'><strong>2</strong></span> 
     </span>
    </p>
   </div>
   <div class='ocr_carea' id='block_1_4' title="bbox 235 1654 1811 2169">
    <p class='ocr_par' dir='ltr' id='par_1_5' title="bbox 235 1654 1811 2169">
     <span class='ocr_line' id='line_1_22' title="bbox 235 1654 1808 1711; baseline 0 -14"><span class='ocrx_word' id='word_1_213' title='bbox 235 1654 387 1698; x_wconf 84' lang='lat' dir='ltr'>dicatio</span> <span class='ocrx_word' id='word_1_214' title='bbox 404 1655 495 1710; x_wconf 89' lang='lat' dir='ltr'>ipsa</span> <span class='ocrx_word' id='word_1_215' title='bbox 512 1655 727 1709; x_wconf 86' lang='lat' dir='ltr'>perueniat</span> <span class='ocrx_word' id='word_1_216' title='bbox 743 1679 794 1683; x_wconf 97' lang='lat'><strong>—</strong></span> <span class='ocrx_word' id='word_1_217' title='bbox 815 1655 1012 1709; x_wconf 85' lang='lat' dir='ltr'>quoniam</span> <span class='ocrx_word' id='word_1_218' title='bbox 1028 1669 1110 1697; x_wconf 92' lang='lat' dir='ltr'>non</span> <span class='ocrx_word' id='word_1_219' title='bbox 1129 1655 1281 1697; x_wconf 86' lang='lat' dir='ltr'>desunt</span> <span class='ocrx_word' id='word_1_220' title='bbox 1297 1655 1433 1697; x_wconf 86' lang='lat' dir='ltr'>adhuc</span> <span class='ocrx_word' id='word_1_221' title='bbox 1457 1655 1628 1698; x_wconf 88' lang='lat' dir='ltr'>ultimae</span> <span class='ocrx_word' id='word_1_222' title='bbox 1652 1661 1808 1711; x_wconf 83' lang='lat' dir='ltr'>gentes,</span> 
     </span>
     <span class='ocr_line' id='line_1_23' title="bbox 236 1720 1811 1775; baseline 0 -13"><span class='ocrx_word' id='word_1_223' title='bbox 236 1720 332 1762; x_wconf 89' lang='lat' dir='ltr'>licet</span> <span class='ocrx_word' id='word_1_224' title='bbox 363 1725 411 1762; x_wconf 91' lang='lat' dir='ltr'>ut</span> <span class='ocrx_word' id='word_1_225' title='bbox 440 1720 681 1775; x_wconf 86' lang='lat' dir='ltr'>perhibetur</span> <span class='ocrx_word' id='word_1_226' title='bbox 712 1720 998 1774; x_wconf 80' lang='lat' dir='ltr'>paucissimae,</span> <span class='ocrx_word' id='word_1_227' title='bbox 1035 1720 1184 1775; x_wconf 89' lang='lat' dir='ltr'>quibus</span> <span class='ocrx_word' id='word_1_228' title='bbox 1214 1720 1293 1763; x_wconf 88' lang='lat' dir='ltr'>hoc</span> <span class='ocrx_word' id='word_1_229' title='bbox 1322 1721 1510 1763; x_wconf 89' lang='lat' dir='ltr'>nondum</span> <span class='ocrx_word' id='word_1_230' title='bbox 1541 1720 1663 1763; x_wconf 80' lang='lat' dir='ltr'>fuerit</span> <span class='ocrx_word' id='word_1_231' title='bbox 1696 1734 1811 1775; x_wconf 84' lang='lat' dir='ltr'>prae-</span> 
     </span>
     <span class='ocr_line' id='line_1_24' title="bbox 235 1785 1810 1841; baseline 0 -13"><span class='ocrx_word' id='word_1_232' title='bbox 235 1786 421 1829; x_wconf 87' lang='lat' dir='ltr'>dicatum</span> <span class='ocrx_word' id='word_1_233' title='bbox 432 1811 483 1815; x_wconf 91' lang='lat'><strong>—</strong></span> <span class='ocrx_word' id='word_1_234' title='bbox 497 1786 594 1841; x_wconf 91' lang='lat' dir='ltr'>quid</span> <span class='ocrx_word' id='word_1_235' title='bbox 607 1785 733 1828; x_wconf 79' lang='lat' dir='ltr'>faciat</span> <span class='ocrx_word' id='word_1_236' title='bbox 746 1786 930 1828; x_wconf 90' lang='lat' dir='ltr'>humana</span> <span class='ocrx_word' id='word_1_237' title='bbox 942 1790 1092 1829; x_wconf 83' lang='lat' dir='ltr'>natura</span> <span class='ocrx_word' id='word_1_238' title='bbox 1104 1786 1170 1828; x_wconf 85' lang='lat' dir='ltr'>uel</span> <span class='ocrx_word' id='word_1_239' title='bbox 1182 1786 1280 1841; x_wconf 92' lang='lat' dir='ltr'>quid</span> <span class='ocrx_word' id='word_1_240' title='bbox 1294 1785 1405 1837; x_wconf 85' lang='lat' dir='ltr'>fecit,</span> <span class='ocrx_word' id='word_1_241' title='bbox 1426 1799 1531 1841; x_wconf 88' lang='lat' dir='ltr'>quae</span> <span class='ocrx_word' id='word_1_242' title='bbox 1543 1786 1609 1828; x_wconf 89' lang='lat' dir='ltr'>uel</span> <span class='ocrx_word' id='word_1_243' title='bbox 1619 1793 1716 1828; x_wconf 86' lang='lat' dir='ltr'>ante</span> <span class='ocrx_word' id='word_1_244' title='bbox 1728 1800 1810 1828; x_wconf 88' lang='lat' dir='ltr'>non</span> 
     </span>
     <span class='ocr_line' id='line_1_25' title="bbox 235 1851 1810 1907; baseline -0.001 -13"><span class='ocrx_word' id='word_1_245' title='bbox 235 1852 426 1894; x_wconf 87' lang='lat' dir='ltr'>audierat</span> <span class='ocrx_word' id='word_1_246' title='bbox 459 1852 538 1893; x_wconf 90' lang='lat' dir='ltr'>hoc</span> <span class='ocrx_word' id='word_1_247' title='bbox 572 1851 761 1893; x_wconf 86' lang='lat' dir='ltr'>futurum</span> <span class='ocrx_word' id='word_1_248' title='bbox 795 1852 861 1893; x_wconf 88' lang='lat' dir='ltr'>uel</span> <span class='ocrx_word' id='word_1_249' title='bbox 895 1852 1032 1893; x_wconf 85' lang='lat' dir='ltr'>adhuc</span> <span class='ocrx_word' id='word_1_250' title='bbox 1065 1865 1148 1894; x_wconf 88' lang='lat' dir='ltr'>non</span> <span class='ocrx_word' id='word_1_251' title='bbox 1184 1851 1385 1907; x_wconf 86' lang='lat' dir='ltr'>comperit</span> <span class='ocrx_word' id='word_1_252' title='bbox 1420 1851 1580 1894; x_wconf 85' lang='lat' dir='ltr'>factum</span> <span class='ocrx_word' id='word_1_253' title='bbox 1613 1852 1691 1894; x_wconf 86' lang='lat' dir='ltr'>nisi</span> <span class='ocrx_word' id='word_1_254' title='bbox 1726 1865 1810 1893; x_wconf 80' lang='lat' dir='ltr'>cre-</span> 
     </span>
     <span class='ocr_line' id='line_1_26' title="bbox 235 1916 1809 1972; baseline 0 -13"><span class='ocrx_word' id='word_1_255' title='bbox 235 1917 370 1959; x_wconf 87' lang='lat' dir='ltr'>dendo</span> <span class='ocrx_word' id='word_1_256' title='bbox 402 1917 445 1959; x_wconf 93' lang='lat' dir='ltr'>in</span> <span class='ocrx_word' id='word_1_257' title='bbox 476 1917 612 1967; x_wconf 89' lang='lat' dir='ltr'>deum,</span> <span class='ocrx_word' id='word_1_258' title='bbox 647 1917 717 1972; x_wconf 93' lang='lat' dir='ltr'>qui</span> <span class='ocrx_word' id='word_1_259' title='bbox 747 1916 846 1960; x_wconf 86' lang='lat' dir='ltr'>fecit</span> <span class='ocrx_word' id='word_1_260' title='bbox 877 1917 1036 1959; x_wconf 89' lang='lat' dir='ltr'>caelum</span> <span class='ocrx_word' id='word_1_261' title='bbox 1066 1922 1109 1959; x_wconf 90' lang='lat' dir='ltr'>et</span> <span class='ocrx_word' id='word_1_262' title='bbox 1140 1921 1307 1967; x_wconf 88' lang='lat' dir='ltr'>terram,</span> <span class='ocrx_word' id='word_1_263' title='bbox 1339 1931 1364 1959; x_wconf 87' lang='lat' dir='ltr'>a</span> <span class='ocrx_word' id='word_1_264' title='bbox 1396 1930 1476 1972; x_wconf 92' lang='lat' dir='ltr'>quo</span> <span class='ocrx_word' id='word_1_265' title='bbox 1508 1921 1550 1959; x_wconf 86' lang='lat' dir='ltr'>et</span> <span class='ocrx_word' id='word_1_266' title='bbox 1581 1930 1622 1959; x_wconf 90' lang='lat' dir='ltr'>se</span> <span class='ocrx_word' id='word_1_267' title='bbox 1654 1916 1809 1959; x_wconf 85' lang='lat' dir='ltr'>factam</span> 
     </span>
     <span class='ocr_line' id='line_1_27' title="bbox 236 1982 1810 2037; baseline 0 -12"><span class='ocrx_word' id='word_1_268' title='bbox 236 1982 482 2025; x_wconf 87' lang='lat' dir='ltr'>naturaliter</span> <span class='ocrx_word' id='word_1_269' title='bbox 520 1982 647 2024; x_wconf 90' lang='lat' dir='ltr'>sentit</span> <span class='ocrx_word' id='word_1_270' title='bbox 677 1987 720 2024; x_wconf 87' lang='lat' dir='ltr'>et</span> <span class='ocrx_word' id='word_1_271' title='bbox 747 1987 858 2025; x_wconf 90' lang='lat' dir='ltr'>recte</span> <span class='ocrx_word' id='word_1_272' title='bbox 888 1983 1066 2025; x_wconf 91' lang='lat' dir='ltr'>uiuendo</span> <span class='ocrx_word' id='word_1_273' title='bbox 1096 1982 1181 2024; x_wconf 75' lang='lat' dir='ltr'>eius</span> <span class='ocrx_word' id='word_1_274' title='bbox 1210 1982 1369 2037; x_wconf 88' lang='lat' dir='ltr'>inpleat</span> <span class='ocrx_word' id='word_1_275' title='bbox 1407 1983 1668 2025; x_wconf 85' lang='lat' dir='ltr'>uoluntatem</span> <span class='ocrx_word' id='word_1_276' title='bbox 1698 1982 1810 2025; x_wconf 82' lang='lat' dir='ltr'>nulla</span> 
     </span>
     <span class='ocr_line' id='line_1_28' title="bbox 236 2047 1810 2103; baseline 0 -14"><span class='ocrx_word' id='word_1_277' title='bbox 236 2048 316 2090; x_wconf 89' lang='lat' dir='ltr'>fide</span> <span class='ocrx_word' id='word_1_278' title='bbox 342 2048 542 2103; x_wconf 87' lang='lat' dir='ltr'>passienis</span> <span class='ocrx_word' id='word_1_279' title='bbox 567 2047 718 2091; x_wconf 90' lang='lat' dir='ltr'>Christi</span> <span class='ocrx_word' id='word_1_280' title='bbox 740 2053 783 2090; x_wconf 88' lang='lat' dir='ltr'>et</span> <span class='ocrx_word' id='word_1_281' title='bbox 803 2048 1112 2090; x_wconf 87' lang='lat' dir='ltr'>resurrectionis</span> <span class='ocrx_word' id='word_1_282' title='bbox 1136 2047 1323 2090; x_wconf 79' lang='lat' dir='ltr'>imbuta?</span> <span class='ocrx_word' id='word_1_283' title='bbox 1370 2048 1479 2102; x_wconf 89' lang='lat' dir='ltr'>quod</span> <span class='ocrx_word' id='word_1_284' title='bbox 1503 2047 1536 2089; x_wconf 93' lang='lat' dir='ltr'>si</span> <span class='ocrx_word' id='word_1_285' title='bbox 1559 2047 1648 2090; x_wconf 87' lang='lat' dir='ltr'>fieri</span> <span class='ocrx_word' id='word_1_286' title='bbox 1671 2047 1810 2102; x_wconf 86' lang='lat' dir='ltr'>potuit</span> 
     </span>
     <span class='ocr_line' id='line_1_29' title="bbox 236 2113 1808 2169; baseline -0.001 -14"><span class='ocrx_word' id='word_1_287' title='bbox 236 2118 312 2156; x_wconf 89' lang='lat' dir='ltr'>aut</span> <span class='ocrx_word' id='word_1_288' title='bbox 340 2118 493 2169; x_wconf 82' lang='lat' dir='ltr'>petest,</span> <span class='ocrx_word' id='word_1_289' title='bbox 523 2114 602 2156; x_wconf 91' lang='lat' dir='ltr'>hoc</span> <span class='ocrx_word' id='word_1_290' title='bbox 631 2118 673 2156; x_wconf 89' lang='lat' dir='ltr'>et</span> <span class='ocrx_word' id='word_1_291' title='bbox 701 2127 774 2169; x_wconf 82' lang='lat' dir='ltr'>ego</span> <span class='ocrx_word' id='word_1_292' title='bbox 803 2113 908 2163; x_wconf 88' lang='lat' dir='ltr'>dice,</span> <span class='ocrx_word' id='word_1_293' title='bbox 941 2114 1050 2169; x_wconf 90' lang='lat' dir='ltr'>qued</span> <span class='ocrx_word' id='word_1_294' title='bbox 1079 2114 1130 2155; x_wconf 90' lang='lat' dir='ltr'>de</span> <span class='ocrx_word' id='word_1_295' title='bbox 1158 2113 1245 2169; x_wconf 87' lang='lat' dir='ltr'>lege</span> <span class='ocrx_word' id='word_1_296' title='bbox 1273 2113 1380 2155; x_wconf 87' lang='lat' dir='ltr'>dixit</span> <span class='ocrx_word' id='word_1_297' title='bbox 1409 2113 1640 2168; x_wconf 87' lang='lat' dir='ltr'>apestolus:</span> <span class='ocrx_word' id='word_1_298' title='bbox 1669 2127 1690 2155; x_wconf 89' lang='lat' dir='ltr'>e</span> <span class='ocrx_word' id='word_1_299' title='bbox 1708 2126 1767 2167; x_wconf 83' lang='lat' dir='ltr'>rg</span> <span class='ocrx_word' id='word_1_300' title='bbox 1786 2126 1808 2154; x_wconf 92' lang='grc'><strong>0</strong></span> 
     </span>
    </p>
   </div>
   <div class='ocr_carea' id='block_1_5' title="bbox 237 2254 1803 2417">
    <p class='ocr_par' dir='ltr' id='par_1_6' title="bbox 237 2254 1803 2417">
     <span class='ocr_line' id='line_1_30' title="bbox 328 2254 1802 2298; baseline -0.001 -7"><span class='ocrx_word' id='word_1_301' title='bbox 328 2259 343 2292; x_wconf 98' lang='grc'>1</span> <span class='ocrx_word' id='word_1_302' title='bbox 369 2257 470 2291; x_wconf 87' lang='lat' dir='ltr'>Rom.</span> <span class='ocrx_word' id='word_1_303' title='bbox 495 2257 527 2297; x_wconf 92' lang='lat'>3,</span> <span class='ocrx_word' id='word_1_304' title='bbox 547 2257 596 2291; x_wconf 84' lang='lat'>23.</span> <span class='ocrx_word' id='word_1_305' title='bbox 622 2257 663 2291; x_wconf 82' lang='lat'>24</span> <span class='ocrx_word' id='word_1_306' title='bbox 753 2257 775 2291; x_wconf 83' lang='lat'>5</span> <span class='ocrx_word' id='word_1_307' title='bbox 791 2258 835 2291; x_wconf 80' lang='lat' dir='ltr'>cf.</span> <span class='ocrx_word' id='word_1_308' title='bbox 851 2255 980 2291; x_wconf 82' lang='lat' dir='ltr'>Matth.</span> <span class='ocrx_word' id='word_1_309' title='bbox 998 2256 1030 2298; x_wconf 88' lang='grc'>9,</span> <span class='ocrx_word' id='word_1_310' title='bbox 1047 2256 1097 2291; x_wconf 87' lang='grc'>12.</span> <span class='ocrx_word' id='word_1_311' title='bbox 1117 2257 1159 2291; x_wconf 92' lang='grc'>13</span> <span class='ocrx_word' id='word_1_312' title='bbox 1251 2257 1292 2291; x_wconf 90' lang='grc'>13</span> <span class='ocrx_word' id='word_1_313' title='bbox 1310 2255 1352 2291; x_wconf 84' lang='lat' dir='ltr'>cf.</span> <span class='ocrx_word' id='word_1_314' title='bbox 1376 2255 1391 2289; x_wconf 94' lang='lat' dir='ltr'>I</span> <span class='ocrx_word' id='word_1_315' title='bbox 1411 2254 1497 2291; x_wconf 91' lang='lat' dir='ltr'>Tim.</span> <span class='ocrx_word' id='word_1_316' title='bbox 1515 2256 1548 2298; x_wconf 87' lang='lat'>3,</span> <span class='ocrx_word' id='word_1_317' title='bbox 1568 2256 1610 2291; x_wconf 90' lang='lat'>16</span> <span class='ocrx_word' id='word_1_318' title='bbox 1701 2258 1741 2290; x_wconf 78' lang='lat'>14</span> <span class='ocrx_word' id='word_1_319' title='bbox 1758 2255 1802 2290; x_wconf 87' lang='lat' dir='ltr'>cf.</span> 
     </span>
     <span class='ocr_line' id='line_1_31' title="bbox 239 2314 1803 2358; baseline -0.001 -6"><span class='ocrx_word' id='word_1_320' title='bbox 239 2317 340 2352; x_wconf 81' lang='lat' dir='ltr'>Rom.</span> <span class='ocrx_word' id='word_1_321' title='bbox 370 2316 426 2357; x_wconf 88' lang='grc'>10,</span> <span class='ocrx_word' id='word_1_322' title='bbox 454 2317 494 2351; x_wconf 87' lang='grc'>14</span> <span class='ocrx_word' id='word_1_323' title='bbox 612 2316 652 2351; x_wconf 81' lang='lat'>15</span> <span class='ocrx_word' id='word_1_324' title='bbox 669 2317 772 2352; x_wconf 85' lang='lat' dir='ltr'>Rom.</span> <span class='ocrx_word' id='word_1_325' title='bbox 800 2317 856 2358; x_wconf 91' lang='lat'>10,</span> <span class='ocrx_word' id='word_1_326' title='bbox 883 2317 932 2351; x_wconf 84' lang='lat'>17.</span> <span class='ocrx_word' id='word_1_327' title='bbox 963 2316 1005 2351; x_wconf 89' lang='grc'>18</span> <span class='ocrx_word' id='word_1_328' title='bbox 1105 2317 1146 2351; x_wconf 93' lang='grc'>18</span> <span class='ocrx_word' id='word_1_329' title='bbox 1173 2315 1228 2351; x_wconf 88' lang='lat' dir='ltr'>Ps.</span> <span class='ocrx_word' id='word_1_330' title='bbox 1259 2315 1312 2357; x_wconf 93' lang='lat'>18,</span> <span class='ocrx_word' id='word_1_331' title='bbox 1336 2317 1358 2351; x_wconf 88' lang='lat'>5</span> <span class='ocrx_word' id='word_1_332' title='bbox 1465 2315 1506 2350; x_wconf 86' lang='lat'>25</span> <span class='ocrx_word' id='word_1_333' title='bbox 1531 2314 1574 2350; x_wconf 82' lang='lat' dir='ltr'>cf.</span> <span class='ocrx_word' id='word_1_334' title='bbox 1598 2316 1677 2350; x_wconf 73' lang='lat' dir='ltr'>Aet.</span> <span class='ocrx_word' id='word_1_335' title='bbox 1703 2317 1737 2356; x_wconf 80' lang='lat'>4,</span> <span class='ocrx_word' id='word_1_336' title='bbox 1762 2315 1803 2350; x_wconf 81' lang='lat'>24</span> 
     </span>
     <span class='ocr_line' id='line_1_32' title="bbox 237 2376 512 2417; baseline -0.004 -6"><span class='ocrx_word' id='word_1_337' title='bbox 237 2376 278 2412; x_wconf 62' lang='lat'>2³3</span> <span class='ocrx_word' id='word_1_338' title='bbox 305 2376 382 2412; x_wconf 89' lang='lat' dir='ltr'>Gal.</span> <span class='ocrx_word' id='word_1_339' title='bbox 412 2376 444 2417; x_wconf 85' lang='lat'>2,</span> <span class='ocrx_word' id='word_1_340' title='bbox 473 2377 512 2411; x_wconf 81' lang='lat'>21</span> 
     </span>
    </p>
   </div>
   <div class='ocr_carea' id='block_1_6' title="bbox 235 2461 1809 2867">
    <p class='ocr_par' dir='ltr' id='par_1_7' title="bbox 235 2461 1809 2867">
     <span class='ocr_line' id='line_1_33' title="bbox 329 2461 1806 2511; baseline -0.003 -9"><span class='ocrx_word' id='word_1_341' title='bbox 329 2468 345 2502; x_wconf 91' lang='lat'>1</span> <span class='ocrx_word' id='word_1_342' title='bbox 363 2468 489 2511; x_wconf 61' lang='lat' dir='ltr'>aegent</span> <span class='ocrx_word' id='word_1_343' title='bbox 502 2466 656 2511; x_wconf 60' lang='lat' dir='ltr'>Laegent</span> <span class='ocrx_word' id='word_1_344' title='bbox 671 2465 703 2500; x_wconf 92' lang='lat' dir='ltr'><em>D</em></span> <span class='ocrx_word' id='word_1_345' title='bbox 716 2467 824 2511; x_wconf 76' lang='lat' dir='ltr'>egent</span> <span class='ocrx_word' id='word_1_346' title='bbox 835 2465 867 2500; x_wconf 93' lang='lat' dir='ltr'><strong><em>P</em></strong></span> <span class='ocrx_word' id='word_1_347' title='bbox 921 2466 941 2500; x_wconf 81' lang='lat'>2</span> <span class='ocrx_word' id='word_1_348' title='bbox 956 2463 1122 2509; x_wconf 61' lang='lat' dir='ltr'>glorianR</span> <span class='ocrx_word' id='word_1_349' title='bbox 1164 2465 1185 2499; x_wconf 87' lang='grc'>4</span> <span class='ocrx_word' id='word_1_350' title='bbox 1198 2465 1326 2510; x_wconf 73' lang='lat' dir='ltr'>negent</span> <span class='ocrx_word' id='word_1_351' title='bbox 1337 2464 1528 2509; x_wconf 60' lang='lat' dir='ltr'>LPoegent</span> <span class='ocrx_word' id='word_1_352' title='bbox 1540 2462 1573 2497; x_wconf 92' lang='lat' dir='ltr'><em>D</em></span> <span class='ocrx_word' id='word_1_353' title='bbox 1616 2461 1762 2508; x_wconf 76' lang='lat' dir='ltr'>gloriam</span> <span class='ocrx_word' id='word_1_354' title='bbox 1774 2462 1806 2497; x_wconf 85' lang='lat' dir='ltr'>R.</span> 
     </span>
     <span class='ocr_line' id='line_1_34' title="bbox 235 2521 1804 2572; baseline -0.003 -11"><span class='ocrx_word' id='word_1_355' title='bbox 235 2526 366 2572; x_wconf 76' lang='lat' dir='ltr'>gloria*</span> <span class='ocrx_word' id='word_1_356' title='bbox 378 2525 407 2561; x_wconf 87' lang='lat' dir='ltr'><strong><em>C</em></strong></span> <span class='ocrx_word' id='word_1_357' title='bbox 506 2526 665 2571; x_wconf 83' lang='lat' dir='ltr'>profecto</span> <span class='ocrx_word' id='word_1_358' title='bbox 678 2525 732 2568; x_wconf 75' lang='lat' dir='ltr'>(in</span> <span class='ocrx_word' id='word_1_359' title='bbox 746 2535 810 2570; x_wconf 76' lang='lat' dir='ltr'>mq.</span> <span class='ocrx_word' id='word_1_360' title='bbox 828 2524 1000 2570; x_wconf 84' lang='lat' dir='ltr'>perfecto)</span> <span class='ocrx_word' id='word_1_361' title='bbox 1011 2524 1042 2559; x_wconf 88' lang='lat' dir='ltr'><em>V</em></span> <span class='ocrx_word' id='word_1_362' title='bbox 1145 2524 1167 2558; x_wconf 89' lang='lat'>5</span> <span class='ocrx_word' id='word_1_363' title='bbox 1189 2522 1332 2559; x_wconf 82' lang='lat' dir='ltr'>medicis</span> <span class='ocrx_word' id='word_1_364' title='bbox 1347 2524 1381 2559; x_wconf 91' lang='lat' dir='ltr'><em>D</em></span> <span class='ocrx_word' id='word_1_365' title='bbox 1492 2524 1512 2558; x_wconf 87' lang='lat'><strong>7</strong></span> <span class='ocrx_word' id='word_1_366' title='bbox 1536 2521 1804 2568; x_wconf 66' lang='lat' dir='ltr'>preuaricatoris</span> 
     </span>
     <span class='ocr_line' id='line_1_35' title="bbox 237 2580 1803 2631; baseline -0.003 -10"><span class='ocrx_word' id='word_1_367' title='bbox 237 2586 266 2629; x_wconf 90' lang='lat' dir='ltr'>(i</span> <span class='ocrx_word' id='word_1_368' title='bbox 280 2587 344 2631; x_wconf 76' lang='lat' dir='ltr'>lin.</span> <span class='ocrx_word' id='word_1_369' title='bbox 360 2586 417 2621; x_wconf 83' lang='lat' dir='ltr'>m2</span> <span class='ocrx_word' id='word_1_370' title='bbox 434 2595 475 2619; x_wconf 74' lang='lat' dir='ltr'>ex</span> <span class='ocrx_word' id='word_1_371' title='bbox 489 2586 521 2629; x_wconf 81' lang='lat' dir='ltr'>e)</span> <span class='ocrx_word' id='word_1_372' title='bbox 531 2584 564 2619; x_wconf 81' lang='lat' dir='ltr'><em>R</em></span> <span class='ocrx_word' id='word_1_373' title='bbox 637 2587 658 2620; x_wconf 79' lang='grc'>8</span> <span class='ocrx_word' id='word_1_374' title='bbox 675 2583 893 2630; x_wconf 90' lang='lat' dir='ltr'>implendum</span> <span class='ocrx_word' id='word_1_375' title='bbox 904 2583 991 2618; x_wconf 86' lang='lat' dir='ltr'><em>le</em></span> <span class='ocrx_word' id='word_1_376' title='bbox 1078 2584 1099 2619; x_wconf 89' lang='lat'>9</span> <span class='ocrx_word' id='word_1_377' title='bbox 1117 2582 1251 2630; x_wconf 75' lang='lat' dir='ltr'>premio</span> <span class='ocrx_word' id='word_1_378' title='bbox 1262 2583 1318 2618; x_wconf 80' lang='lat' dir='ltr'>m2</span> <span class='ocrx_word' id='word_1_379' title='bbox 1333 2593 1375 2618; x_wconf 76' lang='lat' dir='ltr'>ex</span> <span class='ocrx_word' id='word_1_380' title='bbox 1390 2581 1502 2628; x_wconf 88' lang='lat' dir='ltr'>primo</span> <span class='ocrx_word' id='word_1_381' title='bbox 1513 2582 1547 2617; x_wconf 94' lang='lat' dir='ltr'><em>D</em></span> <span class='ocrx_word' id='word_1_382' title='bbox 1632 2583 1671 2617; x_wconf 88' lang='lat'>11</span> <span class='ocrx_word' id='word_1_383' title='bbox 1690 2580 1803 2616; x_wconf 83' lang='lat' dir='ltr'>iustus</span> 
     </span>
     <span class='ocr_line' id='line_1_36' title="bbox 240 2639 1806 2681; baseline -0.004 0"><span class='ocrx_word' id='word_1_384' title='bbox 240 2646 358 2681; x_wconf 87' lang='lat' dir='ltr'>VEml</span> <span class='ocrx_word' id='word_1_385' title='bbox 409 2647 451 2681; x_wconf 89' lang='lat'>13</span> <span class='ocrx_word' id='word_1_386' title='bbox 463 2643 694 2680; x_wconf 76' lang='lat' dir='ltr'>manifestum</span> <span class='ocrx_word' id='word_1_387' title='bbox 703 2642 955 2679; x_wconf 82' lang='lat' dir='ltr'><em>LmIDleB</em></span> <span class='ocrx_word' id='word_1_388' title='bbox 1016 2645 1057 2679; x_wconf 90' lang='lat'>14</span> <span class='ocrx_word' id='word_1_389' title='bbox 1073 2646 1127 2678; x_wconf 88' lang='lat' dir='ltr'>est</span> <span class='ocrx_word' id='word_1_390' title='bbox 1141 2642 1330 2678; x_wconf 85' lang='lat' dir='ltr'>om.VEm1</span> <span class='ocrx_word' id='word_1_391' title='bbox 1379 2642 1489 2678; x_wconf 68' lang='lat' dir='ltr'>leest</span> <span class='ocrx_word' id='word_1_392' title='bbox 1505 2640 1592 2677; x_wconf 77' lang='lat' dir='ltr'>s.1.R</span> <span class='ocrx_word' id='word_1_393' title='bbox 1636 2641 1679 2677; x_wconf 90' lang='lat'>18</span> <span class='ocrx_word' id='word_1_394' title='bbox 1691 2639 1806 2676; x_wconf 76' lang='lat' dir='ltr'>exiuit</span> 
     </span>
     <span class='ocr_line' id='line_1_37' title="bbox 235 2699 1803 2749; baseline -0.005 -7"><span class='ocrx_word' id='word_1_395' title='bbox 235 2706 350 2741; x_wconf 81' lang='lat' dir='ltr'>RCEd</span> <span class='ocrx_word' id='word_1_396' title='bbox 432 2704 475 2741; x_wconf 85' lang='lat'>19</span> <span class='ocrx_word' id='word_1_397' title='bbox 487 2703 581 2739; x_wconf 85' lang='lat' dir='ltr'>orbis</span> <span class='ocrx_word' id='word_1_398' title='bbox 597 2703 625 2749; x_wconf 88' lang='lat' dir='ltr'>(i</span> <span class='ocrx_word' id='word_1_399' title='bbox 640 2714 681 2738; x_wconf 75' lang='lat' dir='ltr'>ex</span> <span class='ocrx_word' id='word_1_400' title='bbox 693 2714 712 2738; x_wconf 84' lang='lat' dir='ltr'>e</span> <span class='ocrx_word' id='word_1_401' title='bbox 723 2704 796 2749; x_wconf 85' lang='lat' dir='ltr'>ml)</span> <span class='ocrx_word' id='word_1_402' title='bbox 806 2704 833 2738; x_wconf 92' lang='lat' dir='ltr'><em>L</em></span> <span class='ocrx_word' id='word_1_403' title='bbox 921 2702 1091 2749; x_wconf 79' lang='lat' dir='ltr'>inciperet</span> <span class='ocrx_word' id='word_1_404' title='bbox 1103 2702 1142 2738; x_wconf 80' lang='lat' dir='ltr'>in</span> <span class='ocrx_word' id='word_1_405' title='bbox 1155 2701 1310 2748; x_wconf 71' lang='lat' dir='ltr'>quml</span> <span class='ocrx_word' id='word_1_406' title='bbox 1398 2702 1438 2737; x_wconf 85' lang='lat'>21</span> <span class='ocrx_word' id='word_1_407' title='bbox 1455 2699 1617 2747; x_wconf 74' lang='lat' dir='ltr'>peruenit</span> <span class='ocrx_word' id='word_1_408' title='bbox 1626 2699 1803 2736; x_wconf 83' lang='lat' dir='ltr'>Lmlel</span> 
     </span>
     <span class='ocr_line' id='line_1_38' title="bbox 238 2759 1809 2812; baseline -0.004 -11"><span class='ocrx_word' id='word_1_409' title='bbox 238 2764 439 2812; x_wconf 83' lang='lat' dir='ltr'>perueniret</span> <span class='ocrx_word' id='word_1_410' title='bbox 446 2764 511 2800; x_wconf 86' lang='lat' dir='ltr'>ER</span> <span class='ocrx_word' id='word_1_411' title='bbox 519 2764 559 2799; x_wconf 82' lang='lat' dir='ltr'>in</span> <span class='ocrx_word' id='word_1_412' title='bbox 566 2775 630 2809; x_wconf 75' lang='lat' dir='ltr'>my.</span> <span class='ocrx_word' id='word_1_413' title='bbox 643 2762 842 2810; x_wconf 78' lang='lat' dir='ltr'>perueniret</span> <span class='ocrx_word' id='word_1_414' title='bbox 852 2762 909 2807; x_wconf 80' lang='lat' dir='ltr'>(in</span> <span class='ocrx_word' id='word_1_415' title='bbox 917 2762 1041 2808; x_wconf 79' lang='lat' dir='ltr'>m9.m2</span> <span class='ocrx_word' id='word_1_416' title='bbox 1058 2761 1255 2809; x_wconf 68' lang='lat' dir='ltr'>pet-ueniet)</span> <span class='ocrx_word' id='word_1_417' title='bbox 1266 2761 1298 2796; x_wconf 88' lang='lat' dir='ltr'><strong><em>V</em></strong></span> <span class='ocrx_word' id='word_1_418' title='bbox 1343 2761 1389 2797; x_wconf 77' lang='lat' dir='ltr'>ad</span> <span class='ocrx_word' id='word_1_419' title='bbox 1402 2761 1471 2797; x_wconf 85' lang='lat' dir='ltr'>hoc</span> <span class='ocrx_word' id='word_1_420' title='bbox 1480 2760 1500 2795; x_wconf 82' lang='lat' dir='ltr'><strong><em>b</em></strong></span> <span class='ocrx_word' id='word_1_421' title='bbox 1543 2760 1586 2795; x_wconf 83' lang='lat'>22</span> <span class='ocrx_word' id='word_1_422' title='bbox 1594 2760 1711 2796; x_wconf 77' lang='lat' dir='ltr'>fuerat</span> <span class='ocrx_word' id='word_1_423' title='bbox 1719 2759 1757 2803; x_wconf 78' lang='lat' dir='ltr'>(a</span> <span class='ocrx_word' id='word_1_424' title='bbox 1766 2769 1809 2794; x_wconf 63' lang='grc' dir='ltr'>σε</span> 
     </span>
     <span class='ocr_line' id='line_1_39' title="bbox 238 2821 1220 2867; baseline -0.003 -8"><span class='ocrx_word' id='word_1_425' title='bbox 238 2824 250 2859; x_wconf 88' lang='lat' dir='ltr'>i</span> <span class='ocrx_word' id='word_1_426' title='bbox 263 2826 336 2867; x_wconf 87' lang='lat' dir='ltr'>m1)</span> <span class='ocrx_word' id='word_1_427' title='bbox 347 2824 380 2860; x_wconf 83' lang='lat' dir='ltr'><strong><em>R</em></strong></span> <span class='ocrx_word' id='word_1_428' title='bbox 469 2825 513 2861; x_wconf 88' lang='grc'>23</span> <span class='ocrx_word' id='word_1_429' title='bbox 528 2822 636 2860; x_wconf 76' lang='lat' dir='ltr'>faciet</span> <span class='ocrx_word' id='word_1_430' title='bbox 646 2822 843 2859; x_wconf 79' lang='lat' dir='ltr'>Dm2V0bd</span> <span class='ocrx_word' id='word_1_431' title='bbox 930 2822 972 2858; x_wconf 85' lang='lat'>25</span> <span class='ocrx_word' id='word_1_432' title='bbox 985 2822 1122 2858; x_wconf 81' lang='lat' dir='ltr'>factum</span> <span class='ocrx_word' id='word_1_433' title='bbox 1133 2821 1220 2857; x_wconf 82' lang='lat' dir='ltr'>Dm]</span> 
     </span>
    </p>
   </div>
   <div class='ocr_carea' id='block_1_7' title="bbox 1841 947 1881 976">
    <p class='ocr_par' dir='ltr' id='par_1_8' title="bbox 1841 947 1881 976">
     <span class='ocr_line' id='line_1_40' title="bbox 1841 947 1881 976; baseline -0.025 0"><span class='ocrx_word' id='word_1_434' title='bbox 1841 947 1881 976; x_wconf 86' lang='lat'>10</span> 
     </span>
    </p>
   </div>
   <div class='ocr_carea' id='block_1_8' title="bbox 1842 1275 1879 1303">
    <p class='ocr_par' dir='ltr' id='par_1_9' title="bbox 1842 1275 1879 1303">
     <span class='ocr_line' id='line_1_41' title="bbox 1842 1275 1879 1303; baseline 0.027 -1"><span class='ocrx_word' id='word_1_435' title='bbox 1842 1275 1879 1303; x_wconf 82' lang='lat'>15</span> 
     </span>
    </p>
   </div>
   <div class='ocr_carea' id='block_1_9' title="bbox 1836 1929 1877 1958">
    <p class='ocr_par' dir='ltr' id='par_1_10' title="bbox 1836 1929 1877 1958">
     <span class='ocr_line' id='line_1_42' title="bbox 1836 1929 1877 1958; baseline 0 0"><span class='ocrx_word' id='word_1_436' title='bbox 1836 1929 1877 1958; x_wconf 76' lang='lat'>25</span> 
     </span>
    </p>
   </div>
   <div class='ocr_carea' id='block_1_10' title="bbox 1966 1381 2028 3204">
    <p class='ocr_par' dir='ltr' id='par_1_11' title="bbox 1966 1381 2028 3204">
     <span class='ocr_line' id='line_1_43' title="bbox 1966 1381 2028 3204; baseline 0 0"><span class='ocrx_word' id='word_1_437' title='bbox 1966 1381 2028 3204; x_wconf 95' lang='lat' dir='ltr'> </span> 
     </span>
    </p>
   </div>
  </div>
 </body>
</html>
