2028 3204
816 209 904 246 liber
931 209 986 245 111
1017 208 1050 250 5,
1081 210 1180 251 7—7.
1212 210 1234 245 9
1734 201 1813 244 367

237 336 424 380 homines
450 339 651 391 generant
680 340 723 377 et
749 339 1013 390 generantur,
1042 334 1150 377 sicut
1180 334 1339 377 dictum
1370 341 1432 377 est
1461 336 1512 378 de
1542 335 1812 391 quibusdam:

236 413 440 458 semper
490 400 766 443 discentes
817 404 869 443 et
915 399 976 443 ad
1024 398 1285 442 ueritatis
1336 399 1622 444 scientiam
1678 415 1814 444 num-

235 465 804 524 quamperuenientes;
838 479 919 509 non
949 466 1057 508 enim
1086 466 1143 508 sic
1172 466 1375 521 accipitur
1401 467 1512 522 quod
1542 467 1607 509 hic
1630 468 1811 523 positum

237 540 299 577 est
326 535 555 589 ‘semper‘
589 532 704 575 uelut
729 545 960 588 numquam
985 531 1177 574 desinant
1203 532 1371 583 discere,
1398 540 1493 575 cum
1519 533 1661 588 procul
1686 533 1815 576 dubio

238 612 319 643 non
356 599 532 649 discant,
570 598 738 654 quando
774 597 815 640 in
852 597 930 640 hoc
965 610 1134 653 corpore
1170 597 1407 640 destiterint
1444 598 1583 641 uiuere
1621 598 1685 641 uel
1721 612 1814 642 curn

237 665 446 721 coeperint
474 663 676 720 supplicio
703 663 943 719 gehennalis
971 663 1077 717 ignis
1104 663 1258 706 ardere.
1304 664 1375 706 sed
1405 669 1452 706 tu
1482 678 1564 706 non
1594 665 1815 719 permisisti

236 731 294 773 sic
310 730 441 786 accipi
459 730 633 773 uerbum
652 734 787 780 tuum,
801 742 896 772 cum
917 729 1060 771 dixisti
1080 729 1254 785 ‘semper
1269 729 1372 780 dat‘‚
1392 730 1560 784 quando
1579 730 1747 785 quidem
1773 731 1813 772 id

238 797 289 839 ad
318 795 529 838 infinitum
556 799 722 851 tempus
748 795 1028 838 reuocandum
1056 795 1227 850 putasti.
1271 800 1313 837 et
1340 808 1486 850 parum
1514 795 1591 837 hoc
1617 795 1716 846 fuit;
1743 797 1813 838 sed

238 868 456 918 tamquam
475 866 743 917 quaereretur
758 860 904 912 abste,
925 866 971 904 ut
992 860 1175 916 apertius
1193 860 1419 916 explicares
1437 861 1646 916 quomodo
1665 861 1816 903 dixeris

240 929 414 982 ‘semper
428 926 532 978 dat‘,
545 926 743 970 addidisti
765 932 894 982 atque
910 926 1071 969 dixisti:
1090 927 1192 968 sicut
1209 940 1362 980 semper
1379 930 1432 968 est
1450 928 1538 981 ipse
1554 927 1625 980 qui
1640 927 1717 969 dat.
1740 927 1816 969 hoe

237 1007 338 1036 sana
357 998 398 1035 et
418 992 623 1035 catholica
642 991 745 1034 fides
766 992 934 1034 omnino
954 992 1218 1034 condemnat.
1256 992 1366 1035 absit
1386 993 1508 1043 enim,
1532 998 1578 1034 ut
1599 993 1814 1035 credamus

237 1059 347 1115 quod
376 1058 536 1101 animas
563 1058 664 1100 deus
692 1070 854 1113 semper
880 1058 968 1107 dat,
996 1058 1104 1100 sicut
1132 1071 1295 1113 semper
1321 1063 1382 1100 est
1411 1059 1497 1113 ipse
1527 1058 1596 1114 qui
1625 1059 1712 1100 dat.
1758 1059 1816 1100 sic

237 1124 345 1167 enim
365 1137 526 1179 semper
545 1128 607 1166 est
627 1124 726 1179 ipse,
748 1130 795 1166 ut
816 1137 1045 1179 numquam
1067 1137 1152 1166 esse
1172 1123 1366 1174 desistat;
1388 1124 1548 1166 animas
1569 1131 1710 1166 autem
1733 1138 1813 1166 non

237 1203 398 1245 semper
423 1189 555 1240 dabit,
584 1189 654 1231 sed
684 1202 752 1231 eas
779 1189 901 1232 finito
927 1189 1204 1244 generationis
1232 1189 1395 1232 saeculo
1425 1204 1505 1232 non
1535 1190 1617 1232 iam
1647 1203 1815 1232 nascen-

189 1267 203 1294 .·
237 1256 349 1298 tibus
379 1255 530 1311 quibus
559 1255 722 1297 dandae
751 1260 849 1297 sunt
878 1254 1021 1310 procul
1049 1255 1176 1297 dubio
1206 1255 1304 1297 dare
1334 1255 1523 1297 cessabit.

347 1321 442 1363 VII.
462 1322 499 1363 9.
534 1320 627 1363 Noli
658 1321 820 1362 credere
850 1334 924 1363 nec
953 1321 1087 1363 dicere
1118 1334 1191 1363 nec
1221 1321 1366 1362 docere
1399 1321 1593 1363 ‘animam
1621 1321 1815 1363 meritum

238 1378 405 1442 aliquod
438 1386 663 1442 perdidisse
695 1399 768 1441 per
799 1399 977 1437 carnem,
1010 1391 1230 1442 tamquam
1263 1386 1359 1428 boni
1392 1387 1528 1428 meriti
1562 1386 1685 1428 fuerit
1718 1393 1815 1429 ante

237 1453 430 1502 earnem‘,
456 1452 489 1494 si
515 1452 578 1494 uis
603 1464 688 1494 esse
713 1451 953 1495 catholicus.
982 1452 1167 1495 nondum
1194 1452 1302 1494 enim
1329 1458 1450 1494 natos
1476 1452 1688 1508 apostolus
1715 1452 1816 1494 nihil

237 1518 364 1573 egisse
394 1517 495 1560 dicit
528 1517 624 1559 boni
658 1517 721 1559 uel
752 1517 869 1568 mali;
913 1518 1021 1560 unde
1052 1531 1146 1572 ergo
1179 1518 1319 1560 anima
1350 1518 1488 1573 potuit
1521 1524 1618 1560 ante
1650 1531 1814 1560 carnem

166 1599 173 1607 ·
237 1583 389 1626 habere
418 1583 613 1625 meritum
645 1583 814 1633 bonum,
847 1583 916 1626 ubi
948 1583 1049 1626 nihil
1079 1589 1217 1637 egerat
1249 1583 1377 1625 boni?
1424 1598 1475 1626 an
1507 1584 1614 1625 forte
1645 1584 1816 1626 audebis

238 1663 328 1692 eam
359 1649 493 1691 dicere
523 1654 621 1691 ante
652 1662 816 1691 carnem
848 1649 951 1691 bene
982 1649 1146 1700 uixisse,
1179 1663 1305 1704 quam
1338 1663 1418 1691 non
1451 1655 1569 1704 potes
1601 1650 1815 1692 ostendere

238 1714 301 1757 uel
328 1714 483 1757 fuisse?
525 1714 735 1770 quomodo
762 1728 856 1769 ergo
883 1715 1003 1757 dicis:
1045 1728 1127 1757 non
1152 1716 1218 1757 uis
1244 1716 1426 1757 animam
1451 1730 1501 1757 er
1525 1729 1643 1757 came
1667 1717 1818 1768 peccate·

236 1780 459 1822 contrahere
491 1780 773 1830 ualetudinem,
813 1780 865 1822 ad
901 1794 1021 1834 quam
1058 1781 1242 1822 uicissim
1278 1781 1636 1834 sanctificationem
1676 1780 1816 1822 uideo..-

236 1846 406 1888 trcmsire
425 1859 495 1900 per
514 1859 684 1896 carnem,
707 1849 749 1887 ut
768 1859 839 1900 per
858 1847 992 1900 ipsam
1011 1850 1164 1900 reparet
1183 1850 1341 1897 statum,
1363 1860 1434 1900 per
1453 1860 1571 1900 quam
1593 1846 1815 1900 perdiderat

193 1923 204 1930 ·
238 1912 453 1954 meritum?
498 1911 598 1953 haec
642 1913 856 1962 dogmata,
904 1911 1054 1967 quibus
1099 1917 1276 1967 putatur
1321 1912 1461 1954 anima
1506 1919 1604 1954 ante
1650 1925 1813 1954 earnem

237 1976 429 2019 habuisse
451 1976 630 2032 aliquem
652 1982 812 2019 statum
835 1977 990 2019 bonum
1013 1983 1054 2019 et
1076 1977 1270 2019 meritum
1294 1977 1463 2024 bonum,
1486 1978 1517 2018 si
1542 1978 1648 2019 forte
1671 1977 1813 2025 nescis,

237 2041 420 2097 exceptis
455 2042 639 2097 antiquis
674 2042 864 2084 hereticis
899 2043 1026 2085 etiam
1062 2043 1266 2085 recentius
1302 2043 1342 2084 in
1376 2042 1696 2085 Priscillianistis
1732 2043 1813 2085 iam

237 2106 442 2150 catholiea
470 2108 690 2150 damnauit
720 2107 900 2150 ecclesia.

332 2209 348 2244 1
368 2209 411 2243 cf.
432 2208 515 2244 Luc.
536 2209 588 2249 20,
610 2208 653 2243 34
709 2210 729 2244 2
751 2208 788 2243 ΙΙ
804 2207 892 2243 Tim.
912 2209 945 2250 3,
960 2210 979 2244 7
1037 2209 1146 2245 10.16
1163 2207 1264 2250 Vinc,
1280 2208 1402 2244 Victor
1473 2209 1514 2244 18
1531 2208 1575 2244 cf.
1594 2208 1697 2244 Rom.
1713 2209 1748 2251 9,
1770 2210 1804 2243 11

240 2268 282 2304 22
299 2267 400 2304 Vinc.
415 2267 551 2310 Vict0r;
571 2268 615 2304 cf.
634 2278 712 2314 pag.
732 2268 806 2310 344,
828 2268 871 2305 28

329 2346 344 2380 1
358 2344 415 2391 de]
431 2356 449 2380 e
468 2344 530 2380 BC
546 2350 582 2382 et
594 2346 612 2380 1
726 2347 746 2382 2
762 2344 1001 2381 discernentes
1014 2346 1045 2380 A
1145 2346 1167 2381 3
1184 2346 1269 2382 haec
1283 2347 1312 2381 A
1430 2347 1451 2382 5
1464 2345 1631 2381 desierint
1649 2346 1692 2390 (s.
1715 2346 1735 2380 l.
1751 2346 1806 2380 ml

243 2403 256 2440 l
271 2403 492 2451 destiterint)
506 2405 536 2440 T
581 2415 663 2441 cum
679 2416 743 2442 om.
757 2406 787 2440 A
833 2406 855 2441 6
869 2404 962 2451 ignis
978 2416 1042 2441 om.
1056 2405 1085 2440 C
1129 2404 1233 2441 7dixi
1246 2407 1277 2440 A
1336 2405 1372 2441 id
1387 2417 1449 2442 om.
1467 2407 1497 2441 E
1553 2407 1591 2441 11
1609 2415 1691 2439 sane
1707 2404 1809 2439 BCIb

239 2464 283 2500 12
295 2474 433 2510 semper
446 2463 533 2500 d-›us
545 2464 648 2500 DEH
693 2464 756 2501 det
766 2465 785 2500 b
837 2470 893 2501 est
903 2476 968 2501 om.
981 2465 1010 2500 C
1069 2465 1111 2501 13
1125 2466 1336 2512 numquam]
1345 2466 1421 2501 add.
1441 2465 1513 2511 ipse
1525 2465 1543 2498 b
1588 2464 1677 2510 esse]
1696 2464 1769 2509 ipse
1784 2464 1815 2498 E

236 2522 351 2560 distat
362 2525 392 2559 A
481 2522 526 2560 15
536 2523 644 2560 sintd
734 2525 776 2561 16
792 2523 863 2560 noli
876 2523 990 2561 dicere
1002 2525 1033 2560 Ε
1117 2525 1158 2561 17
1175 2525 1303 2560 merito
1317 2527 1346 2560 A
1426 2525 1467 2560 18
1484 2524 1584 2570 aplos
1601 2523 1669 2558 nisi
1689 2523 1808 2569 legisse

236 2581 327 2620 dicit
337 2583 367 2619 C
428 2582 521 2620 dicit
534 2582 621 2619 nihil
635 2583 746 2630 egisse
756 2583 777 2619 I
855 2585 899 2621 19
914 2583 1043 2631 egisset
1057 2584 1126 2621 scit
1137 2586 1167 2620 A
1254 2583 1345 2621 dicit
1357 2595 1421 2620 om.
1433 2584 1468 2619 H
1554 2583 1599 2618 20
1616 2582 1706 2619 forte
1720 2582 1809 2618 haut

237 2641 343 2679 debes
355 2645 400 2679 ei
413 2645 479 2689 ‚aut
494 2642 608 2680 dicere
625 2644 731 2690 (haut
745 2644 786 2680 im
799 2655 866 2692 ηις.
881 2644 972 2687 αἰαὶ,
990 2655 1018 2680 s.
1035 2644 1141 2681 debes
1158 2654 1242 2680 eras.
1260 2643 1372 2689 haud)
1388 2644 1418 2679 E
1549 2644 1587 2679 21
1601 2647 1684 2678 ante
1701 2654 1766 2679 mn.
1780 2641 1809 2676 C

238 2701 366 2738 uixisse
382 2702 470 2740 bene
481 2703 514 2739 Ε
574 2702 661 2739 bene
677 2714 742 2740 orn.
755 2705 788 2739 A
850 2703 895 2739 22
909 2703 980 2741 dici
990 2704 1033 2747 Ε,
1049 2715 1112 2740 om.
1124 2704 1160 2739 H
1225 2704 1268 2738 23
1284 2702 1521 2739 ualitudinem
1533 2702 1624 2738 codd.
1645 2704 1750 2747 praee.
1770 2701 1808 2738 Η

238 2761 281 2798 24
296 2762 382 2802 mod.
392 2771 455 2809 per
464 2762 565 2799 omE
609 2763 870 2811 repzraretffilt.
883 2774 905 2800 a
914 2773 959 2800 ex
971 2766 1005 2808 e)
1019 2764 1048 2800 E
1093 2766 1192 2799 statii
1203 2774 1265 2809 per
1273 2765 1347 2809 qua
1361 2761 1502 2798 diderat
1511 2763 1601 2809 (qua
1614 2773 1644 2798 s.
1656 2761 1678 2798 1.
1688 2761 1807 2806 m1)H

237 2821 281 2858 26
296 2820 450 2868 aliquem
466 2824 542 2868 post
555 2822 690 2860 bonum
706 2834 786 2869 pon.
801 2822 833 2859 B
903 2823 945 2860 27
963 2822 1225 2870 priscilianistis
1236 2821 1305 2858 AD
1374 2821 1446 2857 iam
1462 2821 1535 2857 iam
1545 2821 1582 2857 H
