2028 3204
743 184 831 223 liber
860 184 898 221 11
932 186 983 227 11,
1018 184 1160 227 15-—12.
1196 185 1235 221 17
1701 172 1776 216 351

206 317 340 356 tamen
380 316 507 356 teneat
546 312 667 355 etiam
712 323 848 355 meum
893 311 940 354 in
986 310 1061 354 hac
1101 315 1215 366 parte
1253 324 1337 354 non
1379 309 1605 353 inuidentis
1649 323 1785 352 assen-

207 392 312 430 sum,
340 378 455 422 modo
479 377 778 421 misericordiae
800 377 1166 433 praescientiaeque
1179 376 1350 419 diuinae
1374 380 1409 418 et
1434 377 1612 432 effectum
1639 374 1786 430 ampli-

205 444 298 498 ficet
328 449 363 487 et
395 445 593 502 affectum.
636 444 739 487 haec
764 443 894 487 uerba
918 441 961 485 in
987 443 1169 485 secundo
1194 442 1299 486 libro
1325 442 1412 485 eius
1439 442 1548 484 lecta
1571 441 1782 498 descripsi.

208 510 409 566 numquid
444 510 487 553 in
520 510 597 552 hac
627 523 755 554 causa
784 508 931 552 erroris
964 508 1197 560 audaciam,
1232 508 1529 558 temeritatem,
1573 521 1784 563 praesum-

159 588 179 618 ο
208 576 366 619 tionem
399 575 552 619 habere
585 575 792 631 quispiam
823 580 964 631 posset
997 573 1274 631 ampliorem?
1308 574 1396 631 ipse
1429 574 1682 616 sententiam
1714 573 1786 616 do-

208 641 404 684 minicam
446 641 700 693 recordatur
744 641 831 697 ipse
872 645 1186 690 commemorat
1230 640 1318 696 ipse
1350 639 1433 683 suis
1477 639 1627 682 litteris
1660 639 1786 683 inter-

207 708 341 780 ponit,
391 707 478 764 ipse
517 707 640 751 dicit:
689 721 931 762 quamquam
971 707 1166 749 sententia
1207 707 1281 748 illa
1321 706 1567 760 principalis
1609 705 1783 752 obsistat

209 774 307 827 quia
339 773 440 829 qui
480 787 592 816 non
632 777 884 816 renatus
925 772 1121 827 suerit
1161 786 1227 814 ez
1268 786 1417 827 aqua
1458 776 1507 813 et
1547 772 1786 824 spiritu

207 844 431 890 sancte,
459 853 561 882 non
586 838 856 882 intrabit
881 839 1206 893 inreqnum
1237 838 1553 885 caelorum
1582 842 1624 879 et
1658 838 1785 880 audet

140 916 180 946 ιο
209 911 352 948 tamen
395 918 494 947 suae
535 918 732 947 censurae
764 905 902 947 leuare
933 904 1136 947 ceruicem
1169 909 1318 946 contra
1349 903 1604 946 sententiam
1635 903 1786 959 princi·

208 970 365 1026 palem!
414 975 552 1022 teneat,
587 970 738 1026 inquit,
772 970 893 1013 etiam
924 983 1055 1013 meum
1086 983 1170 1012 mm
1201 969 1426 1012 inuidentis
1460 982 1681 1020 assensum,
1717 969 1785 1025 qui

208 1036 312 1079 dicit
343 1037 504 1079 animas
536 1050 620 1079 non
654 1034 966 1093 baptizatorum
998 1035 1251 1091 temporarie
1284 1035 1430 1078 mereri
1461 1035 1702 1092 paradisum
1737 1060 1786 1064 ——

207 1107 376 1159 propter
417 1103 490 1146 has
532 1102 643 1146 enim
677 1102 883 1145 latronem
927 1107 1054 1157 atque
1087 1101 1359 1145 Dinocratem
1402 1106 1620 1156 tamquam
1671 1115 1787 1157 prae·

207 1168 426 1211 scribendo
445 1168 509 1210 uel
526 1167 666 1224 potius
683 1168 1009 1224 praeiudicando
1027 1174 1327 1211 commemorat
1346 1193 1408 1218 —,
1429 1167 1471 1210 in
1488 1166 1787 1210 resurrectione

141 1245 179 1275 ¹5
211 1238 353 1276 autem
380 1234 423 1276 in
450 1234 620 1277 meliora
646 1234 861 1277 transferri
889 1239 931 1276 et
957 1233 1071 1289 regni
1089 1234 1295 1275 caelorum
1315 1233 1524 1289 percipere
1539 1233 1786 1289 praemium,

209 1313 454 1355 quamquam
494 1300 703 1350 sententia,
748 1299 899 1356 inquit,
942 1299 1188 1354 principalis
1231 1299 1406 1342 obsistat.
1455 1299 1538 1342 iam
1572 1312 1667 1353 ergo
1701 1299 1787 1355 ipse

209 1365 436 1417 considera,
481 1379 633 1421 quaeso
666 1370 722 1417 te,
757 1360 897 1416 frater,
933 1365 1119 1421 quisquis
1152 1365 1332 1420 cuipiam
1367 1365 1539 1420 praebet
1573 1378 1787 1407 assensum

210 1433 410 1474 aduersus
451 1431 750 1474 auctoritatem
791 1431 1025 1474 sententiae
1066 1430 1320 1486 principalis,
1365 1445 1491 1487 quam
1533 1431 1788 1474 sententiam

208 1497 436 1540 merebitur
466 1497 688 1554 principis!

136 1592 181 1622 2⁰
292 1583 353 1624 17.
420 1580 614 1623 Nouellos
671 1580 875 1623 hereticos
933 1580 1177 1636 Pelagianos
1235 1580 1459 1622 iustissime
1515 1580 1782 1623 conciliorum

210 1646 512 1690 catholicorum
545 1652 586 1689 et
619 1646 726 1689 sedis
768 1646 1020 1702 apostolicae
1062 1646 1284 1689 damnauit
1316 1646 1561 1699 auctoritas,
1596 1660 1643 1688 eo
1677 1647 1789 1701 quod

208 1712 298 1755 ausi
330 1712 485 1756 fuerint
518 1726 600 1756 non
634 1712 863 1769 baptizatis
890 1712 1078 1768 paruulis
1103 1712 1203 1755 dare
1231 1711 1383 1767 quietis
1410 1718 1451 1755 et
1478 1711 1626 1754 salutis
1654 1711 1790 1755 locum

208 1777 335 1821 etiam
377 1783 544 1835 praeter
584 1791 756 1834 regnum
799 1778 1020 1821 caelorum.
1070 1778 1180 1833 quod
1225 1777 1313 1820 ausi
1355 1792 1438 1821 non
1480 1778 1669 1827 fuissent,
1713 1778 1790 1821 nisi

67 1899 70 1902 ‚
209 1849 410 1900 negarent
441 1858 509 1887 eos
543 1844 695 1887 habere
728 1843 925 1900 originale
957 1849 1190 1900 peccatum,
1226 1844 1336 1899 quod
1364 1857 1468 1901 opus
1495 1849 1602 1886 esset
1629 1843 1790 1887 absolui

55 1912 67 1969 ἐ
138 1921 180 1952 25
210 1923 282 1965 per
314 1909 584 1966 baptismatis
617 1914 938 1953 sacramentum.
989 1910 1068 1952 iste
1101 1915 1243 1952 autem
1275 1910 1382 1951 sicut
1426 1909 1655 1952 catholicus
1689 1910 1791 1952 dicit

61 1972 69 1979 “
211 1975 407 2030 paruulos
430 1975 619 2031 originali
641 1975 866 2018 obstrictos
898 1988 984 2018 esse
1017 1979 1189 2031 peccato
1223 1979 1264 2017 et
1298 1980 1439 2017 tamen
1474 1989 1541 2017 eos
1569 1975 1621 2017 ab
1652 1975 1790 2018 huius-

210 2040 324 2083 modi
357 2041 522 2084 uinculo
553 2041 641 2084 sine
674 2041 840 2084 lauacro
865 2040 1189 2096 regenerationis
1216 2039 1397 2083 absoluit
1423 2046 1465 2083 et
1491 2046 1587 2097 post
1613 2047 1792 2083 mortem

211 2107 253 2149 in
285 2107 527 2163 paradisum
569 2107 798 2149 misericors
831 2106 982 2158 mittit,
1024 2111 1121 2162 post
1152 2106 1498 2149 resurrectionem
1533 2120 1629 2150 uero
1662 2106 1791 2150 etiam

212 2173 253 2215 in
275 2185 446 2228 regnum
469 2172 676 2215 caelorum
706 2172 1006 2215 misericordior
1027 2172 1267 2215 introducit.
1300 2172 1395 2215 talis
1417 2172 1494 2215 sibi
1519 2172 1618 2215 Saul
1639 2173 1793 2215 miseri-

215 2251 304 2281 cors
335 2238 450 2281 uisus
480 2243 556 2290 est,
588 2238 756 2294 quando
787 2238 971 2294 pepercit
1001 2237 1085 2293 regi
1115 2251 1239 2294 quem
1270 2238 1371 2281 deus
1402 2239 1611 2294 praecepit
1642 2238 1790 2287 occidi;

300 2401 332 2436 7.
350 2401 403 2436 11.
421 2399 462 2436 16
478 2398 576 2435 Vino.
595 2398 718 2435 Victor
797 2400 818 2434 8
835 2399 911 2434 Ioh.
925 2400 958 2441 3,
975 2399 997 2435 5
1077 2398 1119 2435 29
1135 2399 1178 2435 cf.
1201 2399 1216 2434 Ι
1234 2400 1344 2445 Regn.
1363 2410 1392 2435 c.
1418 2401 1458 2435 15

308 2506 325 2541 1
343 2505 523 2542 euidentia
535 2506 649 2542 CFmI
670 2505 832 2542 inuideas
843 2504 875 2541 E
988 2506 1009 2541 2
1026 2505 1156 2542 effectu
1169 2507 1200 2541 A
1302 2505 1538 2553 amperlificet
1552 2507 1580 2541 C
1679 2508 1701 2542 3
1718 2506 1791 2542 eius

215 2564 307 2602 libro
321 2565 365 2601 bd
421 2564 572 2602 describi
583 2566 616 2602 A
672 2567 693 2602 4
711 2564 997 2612 prmfiptionem
1012 2566 1105 2602 codd.
1121 2569 1227 2611 praet.
1240 2567 1270 2601 A
1331 2567 1353 2601 5
1368 2566 1479 2612 possit
1490 2566 1521 2601 Ε
1576 2567 1597 2602 6
1611 2566 1684 2611 ipse
1697 2576 1790 2601 com·

214 2628 391 2662 memorat
403 2626 508 2662 om.F
563 2627 583 2662 7
601 2624 838 2662 sententiaeG
893 2625 914 2662 8
929 2635 998 2661 non
1013 2635 1077 2661 om.
1092 2624 1152 2662 BG
1200 2627 1239 2662 11
1259 2625 1368 2661 etiam
1384 2626 1502 2672 inquit
1515 2623 1547 2661 E
1603 2636 1746 2662 assensu
1759 2626 1790 2660 A

218 2685 263 2721 12
279 2684 417 2722 animis
427 2686 460 2721 A
537 2685 710 2733 temporie
723 2685 755 2720 A
825 2686 868 2721 13
884 2684 1090 2721 dinocnton
1103 2684 1231 2721 AECF
1305 2688 1450 2731 quaqua
1462 2686 1494 2720 A
1575 2686 1616 2720 17
1635 2689 1669 2720 te
1684 2695 1748 2721 om.
1760 2683 1792 2720 E

217 2744 261 2781 m
285 2745 447 2781 nonaum
460 2745 493 2780 A
576 2744 826 2792 pelagianusA
924 2744 966 2780 21
989 2746 1096 2791 egoA
1183 2745 1227 2781 23
1246 2744 1418 2780 fuerintc
1510 2745 1553 2780 24
1576 2743 1792 2791 origenalec

218 2803 262 2840 85
279 2814 344 2850 per
359 2803 588 2851 baptismatis
603 2815 667 2841 om.
681 2805 712 2840 E
788 2804 831 2841 26
846 2803 1056 2851 origenaliC'
1131 2804 1174 2840 30
1188 2802 1326 2848 110οοίἀί
1339 2805 1369 2840 A
