2028 3204
760 226 849 262 liber
881 226 937 262 111
967 226 1001 268 8.
1031 226 1154 268 24-9‚
1186 226 1228 262 25
1710 215 1790 257 517

209 354 263 397 ad
291 354 368 396 hoc
396 359 560 409 tempus
591 359 632 395 et
661 353 854 409 deinceps
882 365 1009 408 usque
1036 351 1090 395 ad
1120 351 1344 394 terminum
1372 351 1522 394 saeculi
1551 351 1593 394 in
1623 351 1792 394 domino

211 419 407 463 laudandi
429 425 541 470 sunt,
568 432 650 461 non
674 419 716 461 in
741 432 782 462 se
807 418 919 474 ipsis,
945 418 1045 474 quia
1068 423 1110 460 et
1135 417 1297 460 illorum
1321 417 1575 460 anteriorum
1600 431 1682 460 uox
1707 423 1789 460 est:

211 485 268 528 in
311 485 555 528 domino
599 484 972 528 laudabitur
1014 483 1214 526 anima
1256 497 1379 526 mea
1421 489 1464 526 et
1506 483 1680 526 istorum
1720 498 1792 539 po-

212 551 522 594 steriorumuox
541 555 621 594 est:
648 550 830 606 gratia
855 549 938 593 dei
972 563 1083 592 sum
1117 550 1256 605 quod
1283 549 1682 592 sumetadomnes
1701 562 1793 606 per·

212 617 336 660 tinet:
365 622 423 660 ut
451 617 539 673 qui
565 616 898 672 gloriatur,
927 616 979 658 in
1014 615 1257 658 domino
1293 615 1610 671 glorietur
1636 620 1790 658 etcon-

211 683 333 726 fessio
369 682 597 726 eommunis
640 687 704 725 est
745 681 948 725 ormnum:
993 681 1041 724 si
1083 681 1424 724 dixerimus
1468 681 1612 737 quia
1653 695 1790 737 pec-

210 755 413 792 catum
459 762 574 791 non
620 749 924 799 habemus,
972 761 1075 790 nos
1123 747 1291 803 ipsos
1340 747 1694 790 seducimus
1734 754 1792 790 et

211 815 452 858 ueritas
488 814 546 857 in
583 814 758 857 nobis
789 827 899 857 non
939 818 1043 856 est.

318 892 393 935 IX.
424 893 487 935 25.
519 892 599 935 Sed
629 892 825 948 quoniam
853 890 897 934 in
924 891 987 934 his
1017 891 1199 947 quinque
1229 891 1348 933 rebus
1378 904 1480 946 quas
1511 891 1718 946 proposui,
1750 891 1791 933 in

213 958 361 1014 quibus
386 964 591 1014 quaerunt
614 958 792 1000 latebras
816 962 859 1000 et
881 957 932 999 de
955 957 1104 1013 quibus
1129 963 1351 1000 conectunt
1373 957 1614 1008 calumnias,
1640 957 1791 999 diuinis

211 1024 467 1067 documentis
505 1024 737 1080 produntur
778 1028 904 1079 atque
945 1024 1183 1074 uincuntur,
1222 1023 1562 1079 excogitaucrunt
1584 1023 1791 1066 Maniche-

211 1103 327 1132 orum
346 1090 537 1132 destabili
558 1090 722 1132 nomine
742 1089 937 1145 inperitos
958 1103 1063 1145 quos
1091 1090 1305 1145 potuerint
1325 1090 1541 1133 deterrere.
1571 1102 1620 1130 nc
1646 1090 1792 1131 aduer-

211 1170 278 1198 sus
299 1169 441 1198 eorum
466 1156 773 1212 perutrsissima
790 1156 987 1211 dogmata
1013 1168 1131 1198 aures
1160 1155 1472 1198 accommodent
1493 1155 1672 1206 ueritati,
1695 1156 1794 1211 quia

211 1222 365 1264 seilicet
384 1222 586 1264 Manichei
606 1222 787 1278 quinque
806 1222 978 1270 istorum
998 1221 1080 1263 tria
1097 1221 1234 1276 priora
1252 1221 1578 1277 blasphemando
1601 1222 1792 1263 condem-

166 1300 178 1326 .·
211 1293 314 1330 nant
332 1288 514 1330 dicentes
532 1301 664 1344 neque
680 1288 906 1330 humanam
923 1292 1155 1330 creaturam
1176 1301 1307 1343 neque
1327 1287 1495 1342 nuptias
1513 1300 1645 1343 neque
1662 1287 1790 1342 legem

211 1367 236 1396 a
262 1367 422 1395 summo
451 1358 493 1396 et
521 1367 618 1396 uero
647 1354 723 1396 deo
752 1367 839 1395 esse
877 1353 1081 1395 instituta.
1122 1366 1204 1395 non
1243 1359 1384 1395 autem
1426 1353 1651 1408 accipiunt,
1681 1354 1792 1408 quod

212 1419 364 1462 ueritas
393 1419 507 1470 dicit,
536 1433 561 1462 a
586 1419 713 1462 libero
741 1419 912 1461 arbitrio
938 1419 1153 1461 exordium
1179 1419 1400 1475 sumpsisse
1426 1424 1644 1474 peecatum
1672 1424 1713 1461 et
1741 1433 1791 1461 ex

211 1485 279 1527 illo
309 1499 394 1528 esse
422 1499 543 1527 omne
572 1485 637 1528 uel
664 1485 796 1541 angeli
826 1485 891 1527 uel
920 1485 1098 1527 hominis
1125 1485 1296 1536 malum,
1326 1485 1425 1541 quia
1461 1484 1559 1527 mali
1596 1490 1791 1527 naturam

211 1564 371 1607 semper
398 1551 550 1594 malam
579 1557 621 1593 et
649 1551 725 1593 deo
742 1557 1003 1593 coaeternam
1030 1551 1150 1593 nimis
1179 1564 1204 1593 a
1231 1551 1308 1593 deo
1328 1551 1612 1593 exorbitantes
1629 1552 1790 1593 eredere

212 1617 460 1660 maluerunt.
482 1623 645 1659 sanctos
666 1631 829 1673 quoque
848 1617 1103 1672 patriarchas
1124 1622 1165 1659 et
1183 1617 1406 1672 prophetas
1426 1617 1594 1672 quantis
1617 1622 1792 1672 possunt

210 1683 560 1725 exsecrationibus
604 1682 871 1725 insectantur.
917 1696 1009 1726 eece
1050 1683 1160 1725 unde
1203 1696 1244 1725 se
1288 1688 1441 1738 putant
1482 1683 1651 1725 heretici
1694 1682 1791 1725 noui

210 1749 519 1791 Manicheorum
546 1749 711 1791 nomine
740 1749 924 1792 subiecto
957 1748 1043 1791 uim
1071 1749 1352 1804 subterfugere
1380 1748 1580 1798 ueritatis,
1611 1749 1680 1791 sed
1709 1762 1790 1791 non

211 1814 533 1871 subterfugiunt.
556 1815 786 1871 insequitur
806 1815 959 1870 quippe
980 1814 1050 1857 illa
1069 1820 1111 1857 et
1133 1815 1255 1857 simul
1276 1814 1510 1857 Manicheos
1529 1815 1791 1870 Pelagianos-

211 1894 291 1936 que
318 1880 536 1923 subuertit.
566 1881 690 1923 homo
717 1880 840 1931 enim,
863 1881 963 1923 dum
990 1880 1187 1930 nascitur,
1218 1880 1317 1935 quia
1344 1881 1501 1922 bonum
1528 1880 1686 1935 aliquid
1713 1886 1790 1931 est,

166 1959 180 1986 .·
214 1946 256 1988 in
282 1952 488 2002 quantum
512 1947 636 1988 homo
662 1952 739 1997 est,
768 1946 1030 1988 Manicheum
1062 1946 1270 2001 redarguit
1296 1946 1522 2001 laudatque
1548 1951 1788 1995 creatorem,

213 2011 255 2053 in
292 2018 496 2068 quantum
532 2024 629 2053 uero
667 2011 795 2054 trahit
832 2011 1026 2067 originale
1068 2017 1298 2066 peecatum,
1336 2011 1547 2067 Pelagium
1584 2011 1793 2066 redarguit

212 2083 253 2119 et
287 2078 415 2120 habet
449 2077 724 2119 necessarium
757 2077 1016 2120 saluatorem.
1074 2090 1172 2119 nam
1204 2082 1247 2119 et
1281 2077 1391 2132 quod
1425 2077 1611 2119 sananda
1644 2077 1794 2119 dicitur

212 2143 294 2186 ista
316 2149 479 2194 natura,
513 2149 736 2199 utrumque
761 2143 997 2198 repercutit,
1025 2143 1123 2198 quia
1149 2156 1223 2185 nec
1248 2142 1454 2185 medicina
1477 2156 1579 2198 opus
1605 2143 1790 2194 haberet,

213 2208 246 2251 si
269 2222 369 2251 sana
392 2214 499 2251 esset
521 2234 574 2239 —-
597 2209 709 2264 quod
732 2215 795 2251 est
811 2214 954 2251 eontra
976 2208 1189 2264 Pelagium
1211 2233 1264 2239 —
1286 2222 1361 2251 nec
1384 2208 1519 2251 sanari
1542 2214 1683 2264 posset
1706 2222 1793 2251 om·

316 2346 337 2381 3
355 2347 409 2382 Ps.
426 2346 480 2390 33,
499 2347 520 2381 3
579 2347 600 2382 4
618 2347 633 2381 I
651 2346 726 2383 cor.
746 2346 798 2388 15,
818 2347 857 2381 10
914 2346 935 2381 5
955 2346 970 2381 Ι
987 2345 1063 2383 Cor.
1084 2348 1113 2390 1,
1131 2346 1171 2381 31
1227 2346 1248 2381 6
1267 2345 1281 2380 Ι
1300 2345 1373 2380 Ioh.
1394 2347 1422 2387 1,
1441 2346 1462 2380 8
1515 2347 1556 2381 15
1573 2343 1617 2380 cf.
1637 2345 1787 2391 August.

214 2404 268 2441 De
285 2405 489 2442 haeresibus
504 2417 532 2442 c.
550 2407 594 2443 46
610 2405 730 2451 (XLII
747 2407 790 2443 34
807 2417 882 2452 sqq.
901 2406 953 2451 M)

319 2491 334 2524 1
354 2489 420 2524 hoc
435 2489 535 2525 om.B
624 2490 815 2525 terminum
833 2501 859 2526 s.
878 2487 1040 2526 ras.0n22
1141 2490 1163 2525 4
1178 2487 1272 2533 sum]
1287 2488 1363 2523 add.
1385 2488 1421 2524 id
1434 2489 1486 2524 od
1573 2489 1591 2523 7
1608 2494 1748 2524 nosmet
1759 2488 1790 2524 Ο

215 2547 236 2584 9
251 2548 371 2594 prosui
383 2547 413 2583 V
482 2550 523 2585 10
539 2548 793 2585 connectantF
855 2552 894 2585 11
913 2547 1385 2585 conuincunturOBEFVbd
1445 2552 1482 2584 et
1496 2547 1745 2593 cogitauerunt
1761 2547 1791 2584 0

216 2608 502 2644 manichaeorum
517 2607 547 2643 0
588 2609 629 2644 12
645 2614 687 2645 ut
701 2608 867 2655 (addmae)
881 2608 1089 2654 inperitosO
1103 2607 1297 2656 imperatos
1310 2609 1396 2644 Bml
1438 2618 1528 2653 quos
1542 2608 1640 2643 orn-O
1685 2612 1790 2654 potu·

216 2672 320 2704 erunt
340 2667 438 2704 BEF
499 2679 542 2704 ne
568 2680 631 2704 om.
642 2668 671 2704 Ο
744 2670 787 2705 14
811 2668 882 2705 tria
906 2671 994 2714 spat.
1020 2677 1128 2706 uacum
1153 2667 1210 2705 rcl.
1232 2679 1294 2703 om.
1306 2668 1336 2704 Ο
1397 2667 1676 2713 blasphemanda
1697 2665 1790 2703 CEF

219 2727 260 2763 16
275 2727 349 2763 auo
426 2729 602 2766 summoO
617 2730 653 2774 (o
669 2728 720 2764 al.
732 2726 804 2774 m2)
891 2727 1100 2766 institutam
1107 2727 1256 2765 OBEFd
1350 2729 1391 2763 17
1407 2739 1428 2763 a
1445 2725 1570 2772 libero]
1585 2739 1607 2763 a
1622 2726 1740 2763 leuero
1757 2726 1789 2761 B

215 2797 261 2823 ex
274 2787 350 2824 arb.
366 2789 398 2824 B
489 2787 690 2836 peccatum]
705 2789 781 2824 add.
800 2786 1048 2825 existimantes
1059 2789 1091 2824 B
1178 2793 1215 2824 et
1240 2798 1304 2822 om.
1315 2787 1378 2823 OB
1468 2786 1512 2822 22
1527 2786 1688 2823 subiecto
1701 2786 1786 2823 Om1

216 2836 356 2884 obiecto
369 2846 571 2885 BOEFVM
608 2858 681 2884 non
695 2846 793 2885 om.0
830 2848 874 2884 26
885 2847 1013 2885 traitV
1055 2847 1097 2883 27
1107 2847 1166 2884 alt.
1184 2851 1221 2883 et
1235 2847 1330 2883 omO
1361 2857 1434 2892 quo
1443 2844 1537 2882 CEF
1574 2847 1619 2882 29
1635 2846 1746 2893 possit
1756 2845 1788 2881 V
