2028 3204
270 185 350 226 328
702 197 761 232 IV.
794 196 845 232 De
877 199 1007 233 natura
1037 201 1076 233 ct
1103 197 1235 244 origine
1264 197 1404 234 animae

268 334 413 363 uerum
445 321 655 377 loquatur,
697 335 822 377 quam
855 322 933 365 iste
966 322 1155 378 apostolo
1187 323 1458 379 praeferatur,
1491 324 1638 367 mulier
1669 338 1721 368 ex
1753 325 1842 368 uiro

268 391 331 429 est
377 386 465 429 siue
513 387 741 430 secundum
789 387 923 431 solum
970 402 1119 443 corpus
1166 389 1252 432 siue
1296 390 1524 432 seeundum
1571 394 1725 441 totum,
1760 404 1841 446 quo

268 457 435 494 constat
475 452 661 495 humana
701 458 854 496 natura
877 478 932 483 ——
957 453 1060 496 nihil
1101 453 1210 496 enim
1251 454 1398 497 horum
1430 460 1649 510 tamquam
1683 462 1843 498 eertum

268 517 542 570 affirmamus,
576 519 648 562 sed
681 519 780 574 quid
814 520 960 561 horum
1003 533 1150 562 uerum
1182 520 1237 562 sit
1270 520 1407 562 adhuc.
1445 521 1681 576 quaerimus
1714 546 1765 552 —
1797 528 1840 564 et

268 582 330 625 uir
376 596 449 638 per
497 583 724 635 mulierem,
772 584 860 627 siue
892 598 943 627 ex
973 591 1093 641 patre
1125 588 1220 627 tota
1251 585 1428 628 hominis
1460 591 1613 629 natura
1643 586 1835 639 dueatur,
1863 599 1881 629 5

269 661 375 704 quae
408 663 479 705 per
512 649 725 693 mulierem
757 650 955 702 nascitur,
989 650 1076 693 siue
1106 650 1196 693 sola
1227 664 1335 701 earo,
1362 651 1472 693 unde
1498 651 1635 694 adhue
1653 654 1841 707 quaestio

271 720 346 766 est,
406 714 547 756 omnia
591 719 735 757 tamen
776 729 825 757 ex
865 715 956 765 deo,
1011 716 1120 758 unde
1161 715 1277 758 nulla
1317 715 1506 770 quaestio
1557 721 1632 767 est,
1683 718 1724 760 id
1782 724 1843 760 est

268 785 310 821 et
352 794 498 837 eorpus
539 785 582 823 et
614 782 754 824 anima
800 785 842 824 et
883 781 1052 837 spiritus
1094 786 1136 824 et
1178 782 1255 824 uiri
1296 787 1338 825 et
1379 782 1574 825 mulieris.
1616 783 1693 825 etsi
1734 783 1844 826 enim

268 859 351 888 non
398 860 450 888 ex
498 847 575 888 deo
622 852 726 889 nata
774 846 840 890 uel
890 852 1030 890 tracta
1068 852 1167 890 sunt
1199 847 1266 890 uel
1295 853 1534 899 manarunt,
1577 848 1638 890 ita
1670 853 1717 890 ut
1759 848 1844 891 eius

267 916 442 954 naturae
484 912 582 964 sint,
625 917 769 954 tamen
811 927 861 954 ex
893 913 970 955 deo
1003 917 1113 955 sunt.
1163 927 1188 955 a
1220 926 1301 967 quo
1334 912 1443 956 enim
1476 918 1628 965 ereata,
1661 914 1842 966 condita,
1874 924 1914 955 ιο

266 976 381 1019 facta
412 984 523 1029 sunt,
559 977 612 1020 ab
642 978 710 1020 illo
743 978 901 1020 habent
933 984 980 1021 ut
1012 978 1107 1020 sint.

356 1043 418 1086 28.
463 1042 542 1085 Sed
567 1043 743 1094 dicenda
772 1043 923 1099 inquit,
948 1044 1173 1098 apostolus:
1207 1048 1256 1086 et
1287 1044 1418 1098 ipse
1449 1044 1542 1086 det
1573 1044 1844 1087 omuibus

268 1108 458 1150 uitam
488 1113 539 1151 et
569 1109 882 1163 spiritum,
925 1109 1067 1152 deinde
1097 1109 1300 1152 addendo:
1340 1109 1610 1164 fecitque
1641 1122 1703 1152 ex
1731 1124 1844 1152 uno

267 1174 573 1229 sanquine
604 1186 763 1217 omne
793 1187 975 1229 yeuus
1013 1175 1332 1227 homiuum,
1375 1175 1558 1217 animam
1588 1179 1623 1217 et
1653 1175 1846 1230 spiritum

270 1239 518 1294 oriqiualz'ter
548 1240 684 1282 retulit
724 1240 776 1284 ad
816 1244 1025 1292 auctorem,
1059 1254 1203 1295 corpus
1241 1240 1293 1282 ad
1325 1241 1538 1283 traducem.
1586 1240 1713 1283 immo
1744 1254 1844 1283 uero
1875 1251 1912 1282 15

270 1305 340 1359 qui
387 1319 472 1347 non
519 1305 611 1347 uult
659 1311 813 1348 temere
855 1306 1089 1348 animarum
1121 1319 1270 1362 negare
1300 1306 1583 1362 propaginem,
1618 1311 1846 1361 antequam

270 1370 427 1425 liquido
463 1370 618 1413 clareat
650 1376 794 1414 utrum
834 1372 897 1413 ita
937 1385 990 1414 an
1028 1384 1113 1414 non
1153 1371 1215 1413 ita
1255 1371 1323 1422 sit,
1364 1371 1493 1414 habet
1540 1372 1651 1427 quod
1682 1371 1845 1414 inistis

272 1436 407 1478 uerbis
455 1437 634 1492 apostoli
680 1437 896 1492 intellegat
949 1438 1013 1479 ‘ex
1044 1438 1142 1480 uno‘
1185 1451 1279 1479 eum
1324 1437 1547 1492 ‘sanguine‘
1595 1437 1746 1479 dixisse
1783 1438 1845 1479 ‘ex

270 1515 351 1544 uuo
384 1502 564 1544 homine‘
598 1517 622 1545 a
653 1508 773 1558 parte
806 1507 946 1546 totum
976 1502 1238 1558 significante
1264 1502 1484 1545 locutionis
1509 1502 1646 1546 modo.
1667 1503 1701 1545 si
1734 1502 1844 1545 enim

270 1567 348 1622 ipsi
381 1568 477 1609 licet
509 1568 745 1623 intellegere
779 1582 803 1610 a
833 1572 953 1623 parte
984 1572 1125 1610 totum
1155 1568 1267 1623 quod
1300 1568 1501 1624 scriptum
1527 1573 1609 1610 est:
1647 1573 1700 1610 et
1732 1568 1830 1610 fae·
1872 1579 1914 1609 2⁰

269 1638 366 1674 tus
408 1638 500 1676 est
542 1634 710 1676 homo
752 1634 810 1675 in
850 1633 1109 1676 animam
1151 1633 1364 1684 uiuam,
1394 1638 1441 1675 ut
1472 1633 1843 1688 illicintellegatur

269 1704 311 1740 et
343 1698 527 1754 spiritus,
570 1699 620 1741 de
654 1712 735 1754 quo
769 1699 976 1755 scriptura
1011 1698 1069 1741 ibi
1101 1699 1248 1750 tacuit,
1291 1712 1363 1741 eur
1395 1698 1484 1740 aliis
1516 1713 1601 1742 non
1633 1698 1755 1741 liceat
1786 1698 1844 1741 sie

270 1763 454 1819 accipere
489 1764 603 1819 quod
640 1764 801 1807 dietum
843 1769 925 1807 est:
983 1778 1048 1806 ex
1081 1778 1194 1806 uno
1242 1763 1558 1819 sanguine,
1593 1770 1641 1806 ut
1682 1764 1763 1805 illic
1803 1769 1847 1806 et

270 1829 411 1872 anima
457 1833 500 1871 et
546 1829 717 1885 spiritus
764 1830 898 1885 possit
942 1829 1140 1885 intellegi,
1190 1829 1386 1885 quoniam
1428 1829 1552 1872 homo
1585 1829 1844 1884 significatus

269 1894 436 1937 nomine
469 1895 680 1950 sanguinis
712 1909 796 1937 non
828 1894 914 1938 solo
947 1900 1114 1938 constat
1147 1909 1197 1938 ex
1229 1908 1412 1950 corpore,
1456 1908 1601 1937 uerum
1633 1894 1761 1937 etiarn
1792 1907 1844 1937 ex
1871 1905 1912 1935 2⁵

270 1959 411 2002 anima
442 1965 485 2002 et
516 1960 699 2016 spiritu?
733 1961 841 2003 sieut
867 1961 977 2002 enim
1004 1961 1074 2016 qui
1099 1960 1371 2016 propaginem
1396 1959 1585 2002 defendit
1610 1959 1845 2002 animarum

270 2037 354 2067 non
386 2025 483 2068 hino
513 2026 642 2068 istum
684 2025 810 2068 debet
851 2026 1096 2082 opprimere,
1132 2026 1230 2081 quia
1267 2025 1317 2068 de
1349 2025 1483 2082 primo
1516 2024 1683 2068 homine
1715 2024 1841 2078 serip-

270 2096 363 2133 tum
396 2096 477 2133 est:
520 2091 576 2133 in
626 2104 738 2147 quo
787 2104 988 2134 omues
1035 2096 1466 2147 peccauerunt
1507 2116 1557 2120 —
1603 2103 1688 2133 non
1735 2089 1845 2132 enim

271 2156 431 2198 dictum
463 2161 546 2198 est:
583 2156 638 2200 ‘in
670 2170 752 2212 quo
786 2156 973 2199 omnium
999 2170 1094 2199 caro
1121 2156 1339 2211 peccauit‘‚
1373 2156 1444 2198 sed
1480 2156 1649 2198 ‘omnes‘
1682 2154 1843 2198 dictum

271 2226 346 2270 est,
394 2221 437 2263 id
470 2226 534 2263 est
575 2235 717 2264 omnes
758 2221 958 2272 homines,
1003 2234 1098 2264 eum
1138 2221 1262 2264 homo
1303 2233 1388 2263 non
1429 2220 1517 2263 sola
1557 2221 1611 2263 sit
1652 2233 1746 2262 earo
1779 2244 1844 2270 —,
1872 2229 1913 2260 ³0

366 2353 407 2386 12
424 2351 519 2386 Vino.
538 2352 658 2386 Victor
705 2353 786 2388 Act.
802 2354 854 2394 17,
873 2353 914 2387 25
972 2353 1013 2388 13
1029 2351 1108 2387 Act.
1128 2352 1180 2393 17,
1200 2352 1243 2387 26
1294 2352 1337 2386 20
1354 2351 1441 2386 Gen.
1458 2352 1489 2392 2,
1507 2352 1526 2386 7
1575 2350 1618 2386 28
1632 2349 1782 2391 Ron105,
1797 2349 1841 2386 12

370 2449 384 2482 1
405 2445 572 2492 loquatur
590 2457 712 2481 uerum
726 2446 785 2482 BG
873 2447 893 2482 2
908 2459 960 2492 pr.
978 2445 1055 2481 sine
1066 2447 1099 2481 A
1181 2447 1203 2482 3
1218 2446 1438 2481 horum—sit
1451 2445 1490 2480 in
1503 2455 1570 2492 mq.
1580 2445 1613 2480 Ε
1680 2446 1702 2480 4
1715 2443 1800 2490 quia
1813 2443 1843 2479 G

274 2506 295 2541 6
320 2505 458 2541 nascita
471 2507 502 2541 A
610 2507 628 2541 7
653 2517 675 2540 a
704 2505 770 2540 deo
786 2509 907 2542 autem
923 2506 1086 2541 omniaE
1187 2505 1246 2541 alt.
1272 2508 1330 2540 est
1351 2515 1417 2541 om.
1429 2505 1462 2540 E
1580 2505 1602 2540 8
1628 2503 1721 2539 enim
1736 2503 1841 2539 omG

269 2565 291 2600 9
306 2569 462 2601 tractata
475 2566 507 2601 Ε
596 2566 639 2600 12
654 2565 717 2600 dat
732 2565 775 2600 M
866 2567 909 2602 13
922 2565 1077 2601 ardendo
1089 2565 1134 2600 M
1223 2566 1264 2600 14
1279 2575 1382 2600 omne
1398 2576 1464 2600 om.
1475 2562 1504 2599 0
1587 2563 1630 2599 15
1644 2561 1839 2598 rettulitM

273 2626 311 2661 17
329 2624 474 2671 loquido
485 2626 518 2661 A
586 2626 627 2661 18
645 2624 804 2660 dixisisse
815 2625 847 2659 A
919 2626 961 2660 19
973 2624 1116 2661 homine
1126 2634 1171 2660 cx
1183 2623 1300 2660 anime
1312 2623 1342 2659 0
1403 2627 1526 2670 aperta
1535 2621 1629 2659 Aoo
1684 2621 1845 2668 loquuti·
1928 2638 1933 2642 ·

274 2685 350 2719 onis
360 2684 461 2720 ABF
537 2685 580 2720 20
593 2683 676 2731 ipsis
690 2683 866 2719 ABCFGb
937 2686 1058 2730 aperte
1073 2683 1131 2720 OG
1215 2683 1257 2719 21
1271 2682 1453 2719 uiuentem
1462 2682 1494 2717 F
1577 2682 1621 2718 22
1634 2692 1706 2718 non
1720 2680 1799 2717 aliis
1809 2681 1841 2716 F
1916 2715 1918 2717 ,

274 2744 317 2780 23
333 2749 368 2780 et
381 2756 446 2780 om.
458 2745 502 2780 M
572 2745 617 2780 25
639 2743 743 2780 solun
754 2743 783 2779 C
806 2743 921 2778 solum
934 2743 1018 2778 Em
1089 2744 1132 2779 27
1144 2752 1217 2778 non
1231 2753 1297 2778 om.
1309 2741 1339 2777 G
1408 2741 1532 2789 detbet
1544 2740 1573 2776 G
1631 2741 1677 2777 30
1691 2739 1807 2776 solum
1821 2739 1841 2775 b

272 2803 320 2838 sit
335 2814 416 2840 caro
431 2802 509 2839 sola
520 2804 553 2839 Ε
