2028 3204
282 228 366 271 390
719 239 777 274 1V,
812 239 864 273 De
889 241 1018 274 natura
1047 241 1085 275 et
1114 238 1248 285 origine
1279 241 1417 275 ammae

285 364 495 420 quomodo
525 363 771 419 proferimur
799 364 853 406 ad
880 378 955 407 nos
982 364 1276 421 reddimurque
1304 364 1436 415 nobis,
1481 364 1599 421 quasi
1626 365 1698 408 alii
1725 366 1852 410 simus

284 435 327 473 et
351 429 450 471 alibi
475 430 616 480 simus,
645 430 811 484 quando
838 429 1072 485 quaerimus
1098 443 1172 472 nec
1196 429 1430 472 inuenimus
1456 430 1566 486 quod
1592 430 1634 473 in
1655 431 1856 475 memoria

280 500 427 538 nostra
455 495 681 550 posuimus,
712 507 846 550 neque
874 508 949 537 nos
978 495 1056 551 ipsi
1085 496 1138 538 ad
1167 507 1242 538 nos
1270 495 1381 550 ipsos
1410 495 1541 539 ueluti
1570 495 1668 539 alibi
1697 497 1853 552 positos

280 560 493 616 peruenire
525 560 728 616 possimus
761 566 803 603 et
834 565 936 603 tunc
966 560 1254 616 perueniamus
1287 560 1454 616 quando
1485 561 1750 604 inuenimus?
1783 562 1854 605 ubi

281 626 390 669 enim
417 626 653 681 quaerimus
677 626 757 668 nisi
781 626 894 681 apud
918 625 1022 668 nos?
1058 631 1101 668 et
1125 626 1225 682 quid
1251 626 1486 682 quaerimus
1510 626 1589 668 nisi
1621 639 1709 678 nos,
1736 627 1854 684 quasi

282 703 365 734 non
390 692 518 734 simus
543 691 584 733 in
608 691 726 734 nobis
752 696 795 734 et
818 691 957 747 aliquo
975 691 1260 734 recesserimus
1285 705 1310 734 a
1332 691 1475 734 nobis?
1501 704 1637 735 nonne
1661 693 1853 736 adtendis

281 762 324 800 et
347 756 599 799 exhorrescis
623 762 790 799 tantam
813 756 1175 812 profunditatem?
1215 762 1258 799 et
1282 757 1382 812 quid
1405 762 1469 800 est
1490 757 1568 800 hoc
1591 757 1703 800 aliud
1729 772 1854 814 quam

281 828 427 868 nostra
451 827 604 865 natura
628 834 703 865 nec
731 822 862 878 qualis
889 822 982 871 fuit,
1010 822 1081 865 sed
1108 822 1240 878 qualis
1266 834 1377 865 nunc
1402 822 1496 867 est?
1538 828 1581 865 et
1606 837 1698 866 ecce
1723 824 1854 880 magis

282 888 495 944 quaeritur
511 902 638 943 quam
653 887 1013 943 conprehenditur.
1046 901 1166 943 saepe
1180 887 1282 930 mihi
1297 887 1553 943 propositam
1569 890 1854 944 quaestionem

281 953 429 1009 putaui
445 967 511 996 me
527 952 848 1004 intellecturum,
866 953 900 997 si
915 953 1010 995 inde
1027 953 1273 1009 cogitarem3
1291 953 1473 1009 cogitaui
1488 965 1563 996 nec
1579 954 1710 1008 potui,
1731 967 1851 1009 saepe

282 1033 365 1061 non
394 1018 543 1073 putaui
571 1023 614 1060 et
642 1023 783 1060 tamen
811 1018 942 1073 potui.
988 1018 1094 1060 uires
1123 1018 1266 1074 itaque
1295 1017 1600 1073 intellegentiae
1626 1032 1742 1062 meae
1771 1033 1852 1062 non

280 1089 379 1127 sunt
407 1083 509 1126 mihi
538 1084 682 1139 utique
712 1083 901 1138 cognitae
931 1088 973 1126 et
1001 1084 1122 1126 credo
1153 1084 1251 1139 quia
1278 1097 1354 1125 nec
1382 1083 1471 1127 tibi.

388 1150 449 1191 11.
476 1148 554 1191 Sed
573 1162 640 1191 me
662 1148 891 1191 contemnis
911 1148 1087 1191 forsitan
1109 1148 1380 1192 confitentem
1401 1154 1443 1190 et
1463 1154 1632 1204 propter
1653 1149 1731 1191 hoc
1752 1163 1851 1205 quo·

281 1228 359 1270 que
383 1214 599 1269 pecoribus
625 1214 896 1269 comparabis.
936 1228 1010 1269 ego
1034 1219 1176 1256 autem
1199 1228 1365 1256 monere
1390 1213 1468 1265 uel,
1493 1214 1526 1256 si
1550 1228 1633 1257 non
1655 1215 1849 1270 dignaris,

281 1286 390 1322 certe
411 1292 648 1322 ammonere
668 1292 752 1322 non
772 1279 927 1330 desino,
949 1284 999 1323 ut
1017 1291 1216 1335 agnoscas
1238 1279 1375 1334 potius
1398 1293 1659 1323 communem
1680 1280 1851 1322 infirmi-

280 1351 426 1397 tatem,
439 1346 480 1387 in
497 1359 579 1401 qua
592 1345 726 1388 uirtus
740 1345 967 1400 perficitur,
983 1358 1033 1388 ne
1047 1359 1122 1400 pro
1137 1345 1311 1401 cognitis
1326 1345 1537 1401 incognita
1550 1346 1851 1400 praesumendo

279 1413 332 1454 ad
354 1412 579 1454 ueritatem
601 1411 815 1467 peruenire
835 1425 917 1454 non
937 1411 1080 1467 possis.
1116 1418 1219 1467 puto
1241 1412 1352 1454 enim
1374 1426 1460 1455 esse
1482 1411 1652 1468 aliquid,
1677 1414 1787 1468 quod
1809 1418 1851 1456 et

282 1483 328 1520 tu
354 1477 588 1533 intellegere
615 1477 776 1533 quaeris
802 1490 876 1519 nec
901 1482 1018 1532 potes
1042 1489 1119 1519 nec
1142 1482 1284 1519 tamen
1311 1490 1538 1532 quaereres
1565 1476 1643 1519 nisi
1669 1483 1709 1520 te
1735 1491 1852 1532 posse

283 1557 480 1598 sperares.
532 1556 579 1586 ac
613 1557 685 1598 per
719 1543 796 1585 hoc
831 1548 873 1584 et
907 1548 954 1585 tu
988 1542 1096 1585 uires
1131 1542 1434 1597 intellegentiae
1469 1548 1566 1586 tuae
1600 1542 1744 1591 nescis,
1782 1542 1852 1598 qui

280 1614 455 1652 naturae
475 1615 572 1651 tuac
593 1608 808 1653 scientiam
827 1608 1034 1663 profiteris
1053 1621 1128 1651 nec
1146 1622 1309 1650 mecum
1329 1608 1607 1663 ignorantiam
1627 1607 1848 1650 confiteris.

283 1675 383 1730 quid
414 1675 551 1716 dicam
582 1674 633 1716 de
666 1673 897 1724 uoluntate,
932 1673 1003 1715 ubi
1035 1678 1144 1716 certe
1176 1673 1351 1715 liberum
1384 1687 1409 1715 a
1439 1673 1556 1715 nobis
1589 1673 1851 1728 praedicatur

282 1739 533 1783 arbitrium?
566 1753 713 1794 nempe
731 1739 992 1782 beatissimus
1011 1738 1223 1793 apostolus
1242 1740 1388 1781 Petrus
1408 1738 1575 1780 uolebat
1593 1752 1666 1793 pro
1685 1738 1850 1781 domino

282 1805 466 1848 animam
485 1818 648 1859 ponere,
672 1804 792 1860 plane
814 1804 1002 1855 uolebat3
1038 1817 1172 1859 neque
1192 1804 1301 1846 enim
1321 1804 1444 1846 deum
1465 1804 1506 1845 id
1528 1803 1757 1859 pollicendo
1776 1803 1852 1846 fal·

280 1870 406 1921 lebat,
433 1870 504 1916 sed
532 1875 709 1925 quantas
735 1869 842 1912 uires
867 1869 1040 1912 haberet
1066 1869 1259 1912 uoluntas
1286 1870 1375 1924 ipsa
1399 1869 1628 1912 nesciebat:
1680 1869 1850 1924 proinde

281 1936 343 1978 uir
364 1941 521 1987 tantus,
546 1935 616 1990 qui
638 1935 775 1978 Iesum
795 1934 928 1978 filium
949 1935 1014 1977 dei
1035 1949 1120 1977 esse
1142 1939 1405 1989 cognouerat,
1427 1948 1469 1976 se
1489 1933 1662 1978 latebat.
1699 1934 1849 1979 scimus

281 2015 354 2043 nos
381 2002 522 2057 itaque
548 2000 705 2055 aliquid
730 2000 833 2042 uelle
859 2014 929 2042 seu
954 2000 1081 2050 nolle;
1107 2001 1178 2043 sed
1204 2000 1397 2045 uoluntas
1422 2006 1578 2049 nostra,
1605 2000 1732 2042 etiam
1757 2012 1850 2042 cum

281 2066 391 2110 bona
419 2072 496 2118 est,
528 2072 733 2122 quantum
764 2065 914 2116 ualeat,
948 2071 1125 2121 quantas
1156 2065 1262 2108 uires
1292 2065 1459 2115 habeat,
1493 2065 1641 2120 quibus
1672 2070 1851 2120 tempta-

282 2132 464 2175 tionibus
478 2131 607 2174 cedat
632 2131 833 2187 quibusue
857 2144 939 2174 non
964 2131 1098 2181 cedat,
1123 2131 1158 2173 si
1181 2144 1254 2173 nos
1278 2145 1359 2173 nou
1384 2129 1578 2181 fallimus,
1603 2129 1663 2172 fili
1686 2130 1847 2180 dilecte,

281 2211 498 2240 nescimus.

384 2291 425 2326 15
443 2292 485 2327 cf.
509 2291 545 2326 II
563 2292 638 2327 Cor.
662 2292 710 2333 12,
731 2292 751 2324 9
828 2291 870 2325 22
889 2290 932 2326 cf.
954 2290 1026 2325 Ioh.
1049 2291 1099 2333 13,
1120 2291 1162 2326 37
1241 2289 1283 2325 25
1301 2290 1343 2325 cf.
1363 2290 1491 2325 Matth.
1513 2289 1564 2331 16,
1587 2290 1627 2325 16

382 2370 403 2404 6
421 2379 542 2403 sumus
554 2369 623 2402 DH
632 2380 663 2404 a.
676 2379 702 2404 c.
781 2367 899 2414 aliquo
916 2367 1020 2402 modo
1033 2367 1050 2401 b
1129 2368 1168 2402 10
1186 2366 1267 2402 inde
1286 2366 1478 2412 cogitaram
1492 2365 1523 2399 Β
1599 2366 1676 2413 nec]
1694 2356 1720 2401 fi
1736 2366 1801 2400 hoc
1816 2366 1846 2400 T

286 2429 327 2464 12
344 2428 486 2474 cognita
499 2428 560 2463 AC
613 2439 675 2462 nec
694 2438 735 2462 eoe
751 2437 843 2463 nunc
854 2427 885 2462 E
940 2428 982 2463 13
998 2430 1200 2463 contemnes
1215 2427 1244 2461 T
1298 2425 1534 2462 confidentem
1546 2426 1578 2459 A
1633 2427 1675 2460 14
1692 2425 1845 2472 monere]

286 2499 486 2523 ammonere
498 2489 529 2522 Ε
601 2488 641 2522 15
659 2498 821 2522 amouere
832 2487 863 2522 Ε
879 2486 1066 2522 admonere
1084 2497 1126 2521 ez
1141 2497 1295 2521 ammore
1307 2485 1397 2520 Hm]
1473 2484 1631 2520 desinam
1642 2485 1660 2520 b
1722 2494 1847 2530 cogno-

284 2548 403 2584 scasE
465 2547 507 2582 16
525 2546 744 2592 presunendo
757 2548 789 2582 A
852 2547 892 2582 17
912 2557 980 2592 quo
998 2545 1103 2581 detA
1169 2546 1210 2581 18
1229 2556 1372 2592 quaeres
1385 2545 1474 2580 Hml
1495 2544 1643 2591 querisl
1703 2555 1756 2590 pr.
1773 2553 1846 2588 non

284 2608 336 2652 (ec
354 2617 379 2642 s.
400 2609 459 2652 on)
471 2607 506 2642 H
552 2606 666 2653 posse]
685 2607 844 2652 potestA
892 2607 933 2642 19
950 2616 1087 2650 sperare
1099 2603 1196 2641 ABG
1212 2614 1367 2650 sperares
1379 2604 1414 2639 H
1430 2605 1480 2649 (es
1496 2614 1524 2641 ε.
1542 2604 1553 2638 i
1570 2605 1642 2648 ml)
1688 2603 1730 2639 20
1747 2602 1845 2649 igno-

284 2667 401 2712 rantie
414 2667 443 2701 A
533 2667 574 2702 21
592 2678 613 2701 a
631 2665 767 2701 om.BT
871 2666 913 2700 23
930 2664 966 2700 id
982 2664 1087 2700 deum
1101 2663 1132 2698 B
1229 2664 1271 2699 24
1288 2668 1438 2710 quantes
1449 2663 1482 2698 A
1575 2662 1618 2699 25
1635 2662 1689 2698 uir
1706 2662 1845 2710 tantus]

285 2726 397 2762 uirtus
410 2727 442 2761 A
518 2725 579 2772 qui
596 2725 710 2760 filium
728 2724 880 2760 hominis
896 2723 1011 2759 filium
1029 2724 1085 2759 dci
1098 2724 1128 2759 T
1227 2723 1357 2771 Iesum]
1373 2722 1410 2758 in
1421 2721 1529 2765 ABG.
1540 2721 1671 2758 om.lbd
1748 2721 1846 2757 seoH

284 2786 394 2821 simus
413 2786 442 2821 0
517 2785 559 2820 26
576 2785 696 2831 itaque
713 2795 776 2820 nos
795 2784 828 2819 Ε
909 2784 1085 2825 noslstras
1105 2783 1138 2818 A
1213 2783 1255 2818 27
1273 2781 1544 2818 temtationibus
1563 2781 1596 2816 A
1656 2781 1699 2817 28
1716 2780 1844 2827 quibus

289 2845 370 2881 1301
377 2845 442 2890 Tb;
458 2844 735 2892 quibus-cedat
752 2855 819 2888 rep.
833 2843 862 2879 C
