2028 3204
145 633 163 662 5

127 961 165 990 10

125 1290 164 1319 15

124 1620 165 1650 20

125 1948 165 1978 25

40 2275 65 2310 fl,
126 2275 168 2305 30

738 230 829 266 iiber
860 230 875 265 1
909 231 961 272 ιτ,
995 230 1148 270 27—18,
1181 229 1224 264 29
1690 217 1771 261 329

191 357 302 401 sicut
346 370 442 411 ergo
481 357 578 399 hino
624 357 703 399 iste
745 369 829 399 non
860 355 987 398 debet
1020 354 1211 411 opprimi,
1247 354 1346 410 quia
1379 354 1486 397 forte
1519 354 1580 396 ita
1612 354 1772 396 dietum

192 429 256 466 est
290 425 445 466 ‘omnes
467 422 683 472 homines‘,
718 427 765 464 ut
797 421 1027 464 secundum
1059 421 1191 463 solam
1224 433 1391 463 carnem
1419 419 1770 475 intellegerentur,

192 489 250 531 sic
281 489 359 532 iste
391 502 475 531 non
507 488 604 531 hino
629 488 755 530 debet
780 501 966 543 premere
991 487 1229 529 defensores
1255 485 1494 541 propaginis
1521 485 1772 536 animarum,

194 554 293 610 quia
323 554 599 597 dictumest:
640 567 805 597 omne
845 567 1032 609 genus
1066 552 1372 595 hominum
1406 566 1471 593 ex
1506 564 1617 593 uno
1650 562 1773 593 san-

191 635 216 676 g
235 635 260 663 u
279 620 394 669 ine,
430 626 649 676 tamquam
682 625 903 675 propterea
933 618 1022 661 sola
1047 631 1141 661 caro
1170 618 1379 674 pertineat
1405 617 1458 660 ad
1487 617 1771 672 propaginem.

193 686 227 728 si
272 686 382 728 enirn
430 686 508 728 hoc
555 693 619 728 est
660 699 818 735 uerum,
863 685 974 740 quod
1007 685 1077 727 isti
1108 689 1314 733 asserunt,
1349 690 1398 726 ut
1430 697 1509 726 non
1545 683 1601 725 sit
1632 683 1775 725 anima

194 765 246 795 ex
292 752 445 801 anima,
495 752 566 794 sod
614 765 708 794 caro
758 765 806 794 ex
855 764 976 794 carne
1010 751 1065 792 sit
1097 755 1281 799 tantum,
1315 750 1377 791 ita
1409 749 1570 791 dictum
1603 756 1665 791 est
1708 762 1774 791 ex

195 832 305 860 uno
347 818 670 873 sanguine,
715 823 763 860 ut
802 830 886 860 non
928 822 1044 859 totus
1078 817 1201 858 homo
1244 815 1551 870 significaretur
1583 829 1607 857 a
1640 820 1771 869 parte,

193 883 263 925 sod
312 889 480 926 tanturn
528 883 650 926 unius
691 882 870 926 hominis
912 895 1026 934 caro;
1075 882 1177 924 illud
1210 895 1308 924 uero
1350 881 1462 937 quod
1497 881 1657 923 dictum
1690 887 1773 922 est:

195 950 249 991 in
298 963 409 1005 quo
458 963 659 991 omnes
708 953 1159 1004 peccauerunt,
1209 947 1297 990 sola
1339 947 1523 988 omnium
1557 946 1773 989 hominum

193 1029 288 1057 earo
335 1014 615 1070 intellegenda
661 1021 737 1064 est,
786 1028 893 1070 quae
934 1014 1030 1057 inde
1072 1014 1285 1057 transfusa
1317 1019 1393 1063 est,
1428 1026 1454 1055 a
1485 1019 1576 1055 toto
1610 1017 1774 1068 partem

189 1081 452 1136 significante
494 1080 714 1136 scriptura.
764 1082 798 1123 si
838 1085 980 1123 autem
1028 1079 1130 1122 illud
1178 1084 1241 1121 est
1290 1093 1447 1129 uerum,
1498 1078 1609 1134 quod
1658 1084 1774 1120 totus

198 1147 323 1189 homo
370 1160 421 1189 ex
470 1153 560 1189 toto
605 1147 773 1190 homine
821 1152 1091 1202 propagatur,
1141 1146 1183 1187 id
1232 1152 1295 1187 est
1342 1158 1506 1201 corpus,
1550 1145 1691 1186 anima
1732 1151 1774 1187 et

193 1212 376 1269 spiritus.
411 1213 469 1255 ibi
500 1213 666 1269 proprie
693 1213 853 1256 dictum
887 1218 952 1255 est
987 1212 1042 1254 ‘in
1064 1225 1146 1268 quo
1180 1225 1321 1254 omnes
1355 1211 1544 1253 homines
1575 1223 1774 1266 peccaue-

193 1280 320 1329 runt‘,
369 1278 435 1321 hic
483 1285 626 1321 autem
688 1279 847 1335 tropice
915 1280 979 1320 ‘ex
1020 1292 1104 1320 uno
1160 1277 1375 1332 sanguine*
1431 1282 1570 1320 totum
1617 1275 1776 1331 signifi-

193 1349 314 1386 catur
354 1358 380 1387 a
419 1351 554 1400 parte,
602 1344 645 1386 id
693 1350 756 1387 est
804 1350 918 1386 totus
967 1344 1104 1389 homo.
1156 1343 1226 1398 qui
1268 1357 1319 1385 ex
1360 1342 1502 1385 anima
1534 1347 1702 1384 constat
1733 1348 1776 1384 et

193 1423 330 1459 carne,
359 1410 427 1452 uel
450 1410 607 1466 potius,
636 1415 684 1452 ut
709 1410 787 1453 iste
814 1415 931 1453 amat
958 1410 1083 1465 loqui,
1113 1424 1163 1451 ex
1189 1409 1332 1452 anima
1349 1414 1391 1451 et
1408 1408 1558 1464 spiritu
1576 1415 1619 1450 et
1636 1419 1773 1451 carne.

196 1489 293 1518 nam
324 1482 366 1518 et
399 1490 449 1518 ex
482 1482 602 1532 parte
634 1481 773 1519 totum
807 1482 848 1518 et
881 1490 931 1518 ex
965 1482 1055 1518 toto
1088 1481 1254 1531 partem
1286 1474 1430 1517 diuina
1463 1474 1627 1530 eloquia
1651 1473 1776 1528 signi-

195 1541 320 1584 ficare
362 1548 628 1585 consuerunt.
678 1556 728 1584 ex
769 1547 890 1598 parte
932 1541 1042 1584 enim
1084 1546 1224 1583 totum
1265 1540 1550 1595 significatum
1593 1546 1668 1591 est,
1704 1539 1775 1581 nbi

194 1607 364 1663 legitur:
399 1608 467 1650 ad
500 1614 556 1650 te
591 1607 781 1650 omnis
815 1621 956 1649 caro
990 1607 1221 1659 ueniet,
1257 1607 1355 1662 quia
1387 1620 1439 1648 ex
1464 1619 1587 1649 carne
1614 1605 1775 1647 intelle-

193 1673 306 1728 gitur
353 1678 468 1716 totus
518 1674 661 1724 homo;
710 1688 761 1716 ex
808 1679 901 1715 toto
948 1678 1092 1715 autem
1123 1686 1234 1728 pars
1270 1686 1365 1715 eum
1398 1672 1553 1714 dicitur
1585 1671 1775 1714 Christus

194 1739 396 1795 sepultus,
444 1753 540 1782 oum
588 1739 675 1782 sola
722 1739 808 1782 eius
858 1753 953 1781 caro
1000 1738 1167 1795 sepulta
1214 1738 1281 1780 sit.
1336 1739 1418 1779 iam
1452 1737 1553 1780 istud
1589 1737 1701 1792 quod
1734 1738 1775 1778 in

195 1805 272 1847 hoc
319 1805 499 1861 apostoli
545 1805 787 1848 testimonio
834 1805 1019 1861 positum
1067 1809 1143 1853 est,
1194 1804 1292 1860 quia
1339 1804 1426 1860 ipse
1476 1804 1551 1846 dat
1584 1803 1775 1846 omnibus

196 1870 329 1913 uitam
375 1876 419 1913 et
464 1871 671 1927 spiritum,
721 1871 951 1913 seeundum
998 1870 1253 1927 superiorem
1301 1869 1634 1926 disputationem
1672 1876 1776 1925 puto

196 1936 307 1992 quod
355 1936 564 1979 nominem
612 1942 802 1988 moueat3
850 1937 937 1993 ipse
970 1936 1081 1979 enim
1122 1936 1209 1978 dat.
1259 1935 1331 1977 sed
1364 1935 1503 1978 adhuc
1537 1935 1776 1991 quaerimus

197 2002 306 2044 unde
348 2002 432 2053 det,
482 2008 625 2045 utrum
667 2016 717 2045 ex
758 2017 869 2045 noua
906 2001 1195 2044 insufflatione
1228 2014 1283 2044 an
1314 2015 1365 2043 ex
1398 2001 1638 2056 propagine.
1688 2000 1775 2056 ipse

197 2067 350 2123 quippe
391 2068 490 2110 dare
532 2067 659 2110 etiarn
703 2068 837 2109 carnis
869 2067 1153 2110 substantiam
1185 2066 1414 2108 rectissime
1447 2066 1612 2112 dieitur,
1648 2079 1774 2122 quam

196 2140 338 2175 tamen
370 2133 468 2175 dare
501 2147 552 2175 ex
583 2133 810 2190 propagine
842 2146 926 2176 non
958 2139 1147 2188 negatur.

285 2198 447 2242 XVIII.
492 2200 555 2243 29.
606 2198 728 2242 Nunc
775 2199 991 2242 uideamus
1038 2198 1141 2241 illud
1189 2197 1239 2240 de
1276 2198 1426 2240 Genesi
1471 2197 1775 2244 testimonium,

197 2264 265 2307 ubi
308 2266 423 2307 facta
464 2264 613 2308 mulier
654 2266 704 2307 de
747 2264 875 2307 latere
918 2264 996 2307 uiri
1045 2264 1232 2307 adducta
1261 2269 1325 2306 est
1357 2264 1410 2307 ad
1444 2277 1540 2306 eum
1572 2269 1615 2306 et
1647 2263 1775 2305 dixit:

195 2330 307 2372 hoc
348 2344 503 2373 nune
545 2344 604 2372 os
642 2344 708 2373 ex
751 2331 999 2373 ossibus
1041 2330 1187 2372 meis
1220 2334 1274 2372 et
1306 2343 1446 2372 earo
1485 2330 1550 2372 de
1592 2342 1776 2372 earne

288 2460 521 2504 4Act.17,26
586 2445 1110 2503 1ORom.5‚12'20Ps.64,3
1171 2461 1481 2502 230f.Act.17‚25
1528 2460 1772 2500 31Gen.2,23

292 2552 310 2586 1
327 2549 397 2586 iste
413 2549 494 2585 hinc
506 2551 537 2586 Ε
587 2549 675 2586 3hic
685 2551 716 2586 F
770 2553 792 2586 4
807 2553 865 2586 est
878 2550 992 2586 om.M
1036 2551 1058 2586 6
1075 2560 1198 2586 uorum
1213 2553 1268 2585 est
1281 2551 1312 2585 E
1357 2549 1468 2585 istac
1516 2551 1558 2586 12
1572 2549 1771 2596 significare

202 2607 310 2652 BGJ'
323 2609 392 2655 (nt.
407 2621 435 2645 s.
450 2612 480 2655 r)
537 2612 577 2647 14
595 2609 855 2646 ubiABFmIG
909 2610 1068 2646 homines
1084 2621 1149 2646 om.
1164 2611 1206 2645 M
1263 2609 1305 2646 16
1319 2613 1443 2656 aperte
1454 2610 1482 2645 0
1531 2610 1573 2645 18
1598 2608 1773 2644 et—enim

198 2672 318 2705 totum
330 2669 372 2705 in
384 2681 448 2716 my.
462 2670 504 2705 M
560 2681 606 2706 ex
617 2673 699 2706 tota
717 2669 751 2705 A
797 2669 915 2705 diuine
934 2670 1032 2716 loqui
1053 2679 1077 2705 ι
1095 2670 1128 2705 Α
1157 2667 1279 2715 diuine
1298 2669 1422 2716 loquio.
1444 2670 1473 2704 G
1531 2668 1776 2715 eloquentiaE

202 2729 245 2765 19
254 2733 515 2766 consueuerant
527 2729 551 2765 d
650 2731 692 2766 21
709 2732 808 2766 totus
822 2730 864 2765 in
876 2740 942 2765 ras.
957 2730 989 2765 Ε
1094 2731 1138 2766 22
1153 2728 1212 2765 alt.
1226 2729 1387 2776 sepultus
1400 2729 1434 2765 D
1536 2728 1572 2764 in
1587 2729 1655 2764 hoo
1667 2739 1693 2764 s.
1708 2728 1728 2764 1.
1744 2729 1775 2763 Ε

199 2789 242 2825 24
258 2789 452 2825 meandum
470 2789 522 2825 bic
535 2799 608 2835 pos.
621 2789 723 2826 sema
735 2800 819 2826 eras.
835 2789 867 2824 Β
912 2790 1111 2826 25moneat
1127 2791 1158 2824 A
1204 2789 1448 2836 26probagine
1463 2790 1496 2824 A
1543 2789 1587 2824 29
1601 2799 1732 2836 genesy
1743 2789 1774 2823 E

200 2847 347 2885 testinifl
358 2850 392 2884 A
459 2850 501 2886 31
518 2860 575 2885 *os
586 2848 628 2891 0,
640 2850 757 2886 omM
829 2847 890 2896 ex]
901 2849 946 2885 de
961 2849 994 2884 E
1046 2848 1249 2886 hossibuso
