2028 3204
290 166 374 210 322
723 177 783 212 IV.
815 177 868 213 De
896 181 1026 214 natura
1054 180 1094 213 et
1123 177 1254 224 origine
1285 177 1424 213 animae

286 302 474 357 ambigit.
519 316 567 344 ac
599 315 672 356 per
705 302 783 345 hoc
813 302 865 344 de
897 301 1049 352 anima,
1083 315 1178 344 cum
1220 316 1313 345 eam
1355 306 1517 346 constet
1558 303 1611 346 ab
1654 303 1723 346 illo
1755 304 1858 357 fieri,

286 368 396 410 unde
423 381 515 410 eam
542 367 685 418 faciat,
714 371 856 411 utrum
884 381 933 410 cx
958 368 1186 423 propagine
1211 368 1320 412 sicut
1346 382 1493 424 corpus
1521 382 1571 413 an
1607 369 1860 413 insufflando

285 434 391 476 sicut
423 433 602 489 primam
635 433 747 484 fecit,
783 433 920 475 adhuc
954 433 1100 488 utique
1131 434 1426 489 requirendum
1458 440 1534 478 est.

373 513 437 554 22.
487 510 652 554 Adiecit
693 510 822 553 etiam
862 510 1034 553 tertium
1074 511 1376 562 testimonium,
1411 512 1510 567 quia
1541 511 1744 567 scriptum
1777 518 1858 555 est:

286 577 386 632 qui
434 576 632 631 fingit
680 576 976 632 spiritum
1024 576 1292 619 hominis
1335 576 1392 619 in
1434 577 1580 632 ipso.
1625 577 1744 633 quasi
1783 577 1860 620 hoc

284 647 476 698 uegetum
508 643 577 684 sed
616 642 723 684 unde
756 655 851 684 eum
885 642 1031 697 fingat,
1063 643 1138 684 hoc
1165 642 1390 697 quaeritur.
1425 655 1523 685 nam
1546 647 1588 685 et
1610 643 1862 698 corporalem

288 708 466 751 hominis
499 708 664 750 oeulum
698 707 788 763 quis
822 707 899 749 nisi
932 707 1032 750 deus
1065 707 1220 763 fingit?
1256 713 1297 750 et
1329 712 1433 763 puto
1466 708 1577 763 quod
1610 722 1693 750 non
1725 713 1858 759 extra,

286 775 354 816 scd
389 774 431 816 in
464 774 552 829 ipso
594 779 635 816 et
677 779 832 823 tamen,
876 777 924 815 ut
955 779 1115 815 certum
1148 778 1223 824 est,
1268 787 1318 815 ex
1348 773 1586 829 propagine.
1637 787 1731 816 cum
1764 787 1857 829 ergo

286 846 328 882 et
360 840 552 895 spiritum
585 839 762 881 hominis
794 839 837 881 in
869 839 957 894 ipso
990 839 1136 894 fingat,
1165 839 1447 894 quaerendum
1475 843 1550 890 est,
1582 844 1721 881 utrum
1748 853 1858 881 noua

287 906 570 950 insufflatione
603 918 655 947 an
688 909 872 946 tractum
905 918 955 946 ex
987 904 1223 960 propagine.

374 985 438 1026 23.
490 982 692 1025 Nouimus
734 982 861 1024 etiam
900 981 1222 1024 Machabeorum
1263 981 1461 1024 iuuenum
1503 987 1678 1024 matrem
1722 982 1860 1023 fecun-

286 1049 443 1091 diorem
477 1048 719 1097 uirtutibus,
762 1048 928 1102 quando
962 1047 1037 1089 filii
1064 1047 1175 1103 passi
1205 1053 1315 1097 sunt,
1346 1061 1470 1102 quam
1500 1047 1666 1094 fetibus,
1693 1045 1860 1102 quando

287 1114 376 1157 nati
405 1119 516 1165 sunt,
548 1127 615 1156 eos
643 1113 701 1155 sic
730 1113 855 1155 fuisse
884 1112 1165 1163 adhortatam,
1190 1118 1236 1155 ut
1265 1113 1438 1154 diceret:
1468 1112 1614 1162 filii,
1649 1126 1747 1154 nes
1767 1112 1859 1154 cio

287 1179 589 1235 quomodo
631 1178 946 1235 paruistis
980 1178 1035 1220 in
1084 1183 1362 1220 uentrem
1410 1192 1614 1220 meum.
1666 1191 1858 1233 neque

287 1246 440 1288 enim
495 1259 598 1301 ego
653 1244 949 1300 spiritum
996 1249 1053 1286 et
1101 1244 1357 1286 animam
1405 1243 1632 1286 donaui
1681 1243 1858 1285 uobis

287 1326 390 1354 nec
423 1310 695 1365 singulis
730 1309 907 1352 uobis
940 1309 1155 1351 uultus
1189 1314 1245 1351 et
1278 1309 1539 1351 membra
1572 1308 1857 1358 formaui;

287 1378 387 1419 sed
428 1378 586 1427 deus,
632 1376 731 1431 qui
765 1375 921 1417 fecit
963 1375 1240 1417 mundum
1283 1380 1339 1417 et
1381 1375 1580 1417 omnia
1621 1374 1859 1429 quaein

288 1457 349 1485 eo
397 1447 540 1485 sunt
590 1441 874 1496 fecitque
923 1441 1226 1482 hominum
1272 1454 1459 1495 genus
1502 1446 1558 1482 et
1601 1440 1859 1481 omnium

288 1508 563 1564 inquirit
597 1512 810 1558 actum,
837 1506 968 1562 ipse
1001 1506 1154 1548 uobis
1187 1506 1482 1562 spiritum
1516 1511 1572 1547 et
1605 1505 1859 1547 animam

287 1574 507 1617 reddet
555 1587 678 1615 cum
727 1585 941 1626 magna
986 1571 1448 1614 misericordia.
1513 1570 1704 1613 nouimus
1759 1570 1859 1612 haec

289 1640 471 1695 quidem,
509 1639 580 1680 sed
613 1638 707 1680 huic
741 1637 949 1693 quomodo
982 1637 1263 1692 suffragentur
1295 1637 1347 1678 ad
1380 1637 1421 1678 id
1456 1636 1566 1691 quod
1599 1635 1743 1678 asserit
1775 1649 1859 1677 non

287 1705 488 1747 uidemus.
540 1704 631 1759 quis
664 1703 774 1745 enim
807 1702 1135 1745 Christianorum
1177 1707 1299 1757 neget
1340 1702 1463 1744 deum
1495 1701 1649 1743 donare
1682 1701 1858 1743 homini-

288 1770 363 1813 bus
411 1770 593 1812 animam
642 1773 683 1811 et
730 1767 956 1824 spiritum?
1010 1768 1081 1810 sed
1129 1768 1273 1810 eodem
1320 1767 1444 1809 modo
1492 1767 1684 1821 existimo
1732 1766 1858 1808 istum

287 1849 434 1891 negare
466 1849 549 1877 non
580 1848 700 1890 posse
732 1834 856 1876 deum
898 1833 1051 1876 donare
1085 1833 1320 1875 hominibus
1354 1846 1508 1882 aurem,
1543 1832 1738 1887 linguam,
1773 1844 1859 1873 ma-

287 1915 399 1952 num,
466 1901 613 1956 pedem
668 1913 890 1955 omnesque
943 1899 1122 1954 corporis
1169 1912 1311 1941 sensus
1359 1903 1401 1940 et
1449 1898 1633 1940 omnium
1680 1897 1856 1939 formam

288 1972 565 2021 naturamque
612 1965 904 2008 membrorum.
960 1964 1167 2019 quomodo
1216 1964 1324 2006 enim
1373 1965 1474 2006 haec
1513 1963 1579 2005 dei
1620 1962 1731 2005 dona
1773 1975 1858 2004 esse

287 2038 512 2088 negaturus
554 2036 628 2082 est,
672 2031 749 2073 nisi
782 2045 823 2073 se
857 2030 1126 2072 obliuiscatur
1167 2043 1253 2071 esse
1285 2028 1599 2072 Christianum?
1648 2028 1719 2070 sed
1751 2027 1858 2069 siout

378 2192 399 2227 5
432 2191 536 2227 Zach.
556 2192 610 2233 12,
630 2193 644 2226 1
769 2191 809 2225 13
840 2189 876 2223 II
895 2189 1009 2224 Mach.
1026 2190 1055 2230 7,
1075 2189 1128 2224 22.
1146 2189 1187 2224 23

379 2312 396 2347 1
415 2309 576 2355 ambiigit
592 2311 625 2345 A
702 2319 725 2353 a
747 2309 789 2344 de
802 2310 831 2344 G
913 2308 935 2343 6
952 2308 1043 2344 unde
1062 2307 1126 2343 hoc
1145 2318 1226 2343 eum
1240 2305 1349 2353 fingit
1362 2306 1426 2342 hoc
1444 2306 1604 2351 qinono
1673 2308 1712 2340 et
1726 2303 1794 2349 1399
1812 2305 1853 2339 J!

288 2373 306 2407 7
322 2371 373 2417 et]
384 2371 464 2407 utE
510 2371 531 2405 8
547 2369 583 2405 in
595 2380 631 2405 se
647 2369 724 2415 ipso
738 2370 757 2405 b
802 2371 845 2404 ut
858 2371 913 2404 est
928 2371 1066 2404 certum
1079 2370 1133 2403 est
1146 2367 1164 2400 b
1210 2367 1231 2402 9
1243 2369 1282 2402 ot
1298 2365 1408 2402 om.M
1455 2368 1549 2401 noui
1558 2363 1854 2400 insufflationem

290 2432 332 2467 10
343 2433 569 2466 contractum
585 2430 616 2465 E
664 2431 702 2464 11
721 2428 1017 2465 macohnbeorum
1030 2427 1065 2462 D
1133 2427 1176 2463 12
1190 2425 1313 2472 quam]
1328 2425 1475 2471 quando
1487 2426 1519 2461 Ε
1574 2426 1617 2461 13
1632 2435 1691 2460 00⁸
1706 2423 1851 2460 onDM

288 2490 490 2527 adortatam
503 2490 537 2524 A
554 2489 746 2525 adhortata
756 2488 799 2524 M
855 2489 897 2524 14
908 2486 1122 2534 apparuistis
1134 2487 1186 2523 ΕΙ)
1231 2490 1355 2522 uentre
1366 2495 1447 2521 meo
1456 2485 1521 2520 EF
1527 2494 1571 2519 ex
1578 2495 1660 2526 corr,
1672 2484 1691 2519 b
1737 2483 1853 2529 mogo

286 2549 431 2596 singulis
440 2550 470 2585 G
545 2548 712 2595 spiritum
725 2548 827 2584 om.G'
901 2550 943 2584 et
955 2546 1109 2583 mimam
1125 2558 1189 2582 om.
1201 2546 1262 2582 EG
1338 2544 1378 2581 16
1394 2543 1500 2581 uului
1510 2544 1541 2579 Β
1632 2544 1676 2579 18
1687 2544 1854 2579 suns-et

288 2622 354 2646 om.
365 2609 443 2646 ΒΜ
515 2607 638 2644 omnia
647 2609 679 2644 F
763 2607 804 2644 19
819 2606 976 2653 inquiret
988 2607 1020 2642 Ε
1106 2610 1208 2642 notin
1221 2606 1252 2641 E
1270 2607 1354 2641 aeta
1365 2604 1423 2640 κθ.
1437 2613 1481 2640 στι
1490 2607 1574 2639 aeto
1585 2603 1618 2638 F
1700 2605 1739 2638 et
1750 2601 1826 2648 ipse
1835 2601 1858 2636 d

287 2673 326 2705 et
340 2668 507 2715 spiritum
519 2669 551 2704 E
627 2668 670 2704 20
683 2667 846 2704 roddatG
935 2667 977 2702 21
993 2665 1264 2711 sufragmturA
1331 2664 1377 2700 23
1389 2662 1555 2710 spiritum
1571 2665 1607 2698 et
1621 2661 1779 2698 animm
1792 2660 1852 2696 m

288 2727 691 2765 animam—hominibus
707 2726 860 2763 om.le
937 2724 1154 2762 oxestimoA
1234 2725 1277 2760 24
1293 2722 1451 2769 linguam
1465 2731 1586 2758 auem
1603 2721 1644 2756 ba
1721 2720 1764 2756 25
1776 2731 1852 2757 om·

287 2787 411 2835 nisque
422 2788 508 2825 le
577 2786 749 2833 omnium]
773 2784 957 2822 hominium
972 2785 1004 2821 E
1076 2784 1120 2821 26
1145 2784 1234 2820 haee
1259 2781 1354 2819 enin
1366 2782 1418 2817 M.
1474 2791 1552 2817 ense
1565 2780 1674 2817 ⁰¹⁸⁸AE

1887 590 1905 619 5

1891 915 1931 945 1⁰

1890 1254 1926 1284 15
