1976 3210
243 215 322 258 204
774 227 821 263 ll.
854 227 906 261 De
937 227 1063 273 spiritu
1095 231 1131 263 et
1161 227 1282 264 littera

345 353 408 394 49.
447 352 555 401 Quid
583 365 677 405 ergo
704 352 800 393 hinc
827 352 1038 406 apostolus
1065 353 1227 394 efficere
1254 352 1400 404 uoluit,
1430 354 1541 408 quod
1567 353 1812 397 iactantiam

240 417 434 459 cohibens
471 417 732 465 Iudaeorum,
767 432 862 459 cum
895 418 1087 459 dixisset:
1123 432 1149 459 n
1168 432 1189 460 o
1208 432 1233 460 n
1283 433 1307 460 a
1324 432 1349 460 u
1367 419 1394 460 d
1411 418 1424 460 i
1440 423 1459 460 t
1477 433 1499 460 o
1516 432 1536 460 r
1552 433 1573 461 e
1589 432 1607 461 s
1655 419 1668 460 l
1685 433 1705 461 e
1721 434 1747 472 g
1764 420 1776 461 i
1793 434 1811 462 s

242 483 397 524 iusti
428 489 569 524 sunt
602 483 756 538 apud
789 484 969 533 deum,
1003 484 1102 525 sed
1134 484 1416 525 factores
1448 483 1604 538 legis
1637 485 1812 527 iusti-

241 549 322 590 fic
340 563 364 590 a
380 548 494 590 bun
513 555 530 590 t
549 563 621 600 ur,
649 549 846 590 continuo
873 549 1048 591 subiecit
1073 549 1123 591 de
1147 549 1223 599 his,
1252 549 1323 604 qui
1347 549 1477 604 legem
1503 563 1585 591 non
1609 550 1810 592 habentes

241 614 486 656 naturaliter
509 628 614 669 quae
638 615 735 668 legis
758 619 855 656 sunt
878 615 1051 664 faciunt,
1076 614 1110 656 si
1132 628 1214 656 non
1237 614 1297 655 illi
1319 620 1417 656 sunt
1438 615 1715 670 intellegendi,
1740 615 1811 671 qui

240 680 449 734 pertinent
466 681 518 722 ad
533 681 711 733 gratiam
727 680 981 731 mediatoris,
999 681 1070 722 sed
1085 680 1145 721 illi
1159 680 1311 734 potius,
1330 680 1401 735 qui
1417 694 1511 722 cum
1527 681 1650 722 deum
1668 694 1810 723 uerum

240 759 337 787 uera
358 746 514 800 pietate
536 760 617 788 non
639 746 790 792 colant,
813 746 969 787 habent
990 751 1131 787 tamen
1153 746 1359 800 quaedam
1381 759 1506 800 opera
1525 746 1633 788 bona
1655 747 1697 787 in
1720 747 1808 789 uita

240 811 397 865 impia?
424 825 477 853 an
502 813 608 853 sorte
632 813 709 854 hoc
732 811 822 865 ipso
847 811 1110 866 probandum
1134 811 1322 862 credidit,
1350 812 1461 866 quod
1486 825 1610 866 supra
1634 812 1809 863 dixerat,

240 877 338 931 quia
358 891 440 918 non
462 883 523 919 est
544 891 811 932 personarum
833 877 1018 932 acceptio
1039 878 1151 931 apud
1171 877 1308 927 deum,
1331 882 1372 918 ct
1393 878 1504 931 quod
1526 883 1667 931 postea
1688 877 1808 928 dixit,

239 944 429 998 quianon
450 943 699 985 Iudaeorum
716 944 815 985 deus
834 948 896 984 est
909 947 1089 993 tantum,
1109 942 1320 984 sedetiam
1333 943 1533 997 gentium,
1552 944 1663 997 quod
1680 956 1810 998 quan·

239 1009 507 1064 tulacumque
536 1008 633 1063 legis
664 1023 787 1063 opera
816 1008 1062 1051 naturaliter
1089 1007 1215 1050 insit-a
1245 1021 1327 1049 non
1357 1008 1640 1050 inuenirentur
1669 1008 1709 1049 in
1739 1008 1808 1059 eis,

239 1075 310 1129 qui
333 1074 462 1129 legem
486 1088 568 1115 non
594 1079 853 1129 acceperunt,
880 1074 958 1115 nisi
981 1088 1031 1115 ex
1054 1072 1236 1129 reliquiis
1260 1073 1449 1128 imaginis
1473 1074 1551 1124 dei,
1577 1087 1702 1128 quani
1729 1088 1809 1116 non

238 1140 482 1190 contemnit,
509 1154 603 1181 cum
628 1140 671 1181 in
697 1154 790 1182 eum
815 1140 1002 1190 credunt,
1030 1141 1141 1194 apud
1167 1152 1290 1193 quem
1316 1153 1397 1180 non
1424 1144 1485 1181 est
1510 1139 1694 1193 acceptio
1723 1152 1809 1193 per-

238 1206 463 1248 sonarum?
510 1207 580 1248 sed
624 1205 839 1260 quodlibet
873 1205 1022 1247 horum
1057 1204 1297 1260 accipiatur,
1334 1209 1499 1246 constat
1532 1205 1709 1259 gratiani
1745 1204 1810 1246 dei

238 1272 483 1326 promissam
509 1285 594 1313 esse
618 1275 871 1314 testamento
897 1284 1005 1312 nouo
1031 1271 1157 1312 etiam
1183 1283 1255 1324 per
1279 1270 1526 1325 prophetam
1552 1270 1808 1324 eandemque

236 1338 415 1389 gratiam
439 1338 481 1378 in
509 1351 554 1378 eo
581 1337 813 1386 definitam,
841 1341 888 1378 ut
914 1336 1148 1378 scribantur
1172 1336 1279 1389 leges
1305 1336 1371 1377 dei
1394 1336 1437 1377 in
1462 1335 1654 1377 cordibus
1680 1336 1809 1377 homi-

239 1417 337 1445 num
359 1403 688 1457 perueniantque
710 1403 762 1445 ad
785 1416 875 1444 eam
898 1402 1176 1456 cognitionem
1198 1401 1276 1451 dei,
1301 1401 1372 1443 ubi
1409 1415 1434 1442 n
1453 1415 1475 1442 o
1494 1415 1519 1442 n
1556 1402 1581 1442 (l
1602 1415 1623 1442 o
1641 1415 1661 1442 c
1680 1415 1699 1443 e.
1718 1401 1742 1443 b
1761 1401 1773 1442 i
1789 1406 1808 1442 t

240 1469 666 1523 unusquisque
720 1468 910 1510 ciuem
964 1481 1130 1509 suum
1183 1466 1277 1509 uel
1330 1467 1588 1508 fratrem
1641 1480 1805 1508 suum

237 1535 467 1576 dicens:
499 1547 797 1588 cognosce
828 1533 1168 1588 deum,quia
1198 1546 1396 1575 omnes
1427 1537 1805 1586 cognoscent

237 1614 359 1641 eum
411 1615 435 1641 a
486 1600 714 1641 minore
767 1612 953 1653 usque
1004 1599 1072 1640 ad
1123 1598 1407 1640 maiorem
1459 1611 1669 1639 eorum.
1725 1598 1800 1639 hoc

235 1666 391 1707 donum
409 1665 577 1720 spiritus
595 1665 728 1706 sancti
745 1670 818 1714 est,
838 1677 919 1718 quo
937 1663 1189 1705 diffunditur
1205 1663 1356 1705 caritas
1373 1663 1415 1704 in
1433 1662 1623 1704 cordibus
1642 1662 1804 1712 uostris,

235 1731 386 1773 caritas
412 1745 494 1773 non
521 1730 744 1785 quaelibet,
772 1731 842 1771 sed
868 1729 1019 1770 caritas
1045 1729 1111 1770 dei
1136 1729 1186 1771 de
1212 1729 1334 1770 corde
1359 1742 1462 1783 puro
1489 1733 1530 1770 et
1556 1728 1807 1769 conscientia

237 1797 346 1838 bona
371 1801 412 1838 et
437 1796 521 1838 fide
546 1810 629 1838 non
654 1796 768 1846 ficta,
796 1809 846 1836 ex
872 1808 955 1849 qua
979 1795 1112 1836 iustus
1138 1794 1181 1836 in
1206 1795 1284 1836 hac
1309 1793 1638 1849 peregrinatione
1664 1793 1807 1835 uiuens

235 1863 288 1904 ad
308 1862 485 1917 speciem
505 1875 670 1917 quoque
696 1861 938 1916 perducitur
963 1864 1058 1914 post
1094 1859 1307 1915 speculum
1343 1864 1384 1901 et
1420 1859 1584 1913 enigma
1619 1864 1659 1900 et
1695 1859 1807 1913 quic-

235 1928 335 1983 quid
361 1933 449 1970 erat
474 1941 525 1969 ex
549 1932 679 1982 parte,
706 1931 753 1969 ut
778 1926 882 1968 facie
908 1926 961 1967 ad
985 1925 1133 1967 faciem
1158 1930 1392 1980 cognoscat,
1419 1925 1525 1966 sicut
1550 1929 1591 1966 et
1616 1924 1804 1978 cognitus

235 1999 308 2035 est.
323 2007 450 2036 unam
461 1994 571 2035 enim
586 1993 693 2048 petit
710 2007 734 2035 a
750 1992 919 2034 domino
935 1996 977 2032 et
1002 1991 1110 2033 lianc
1135 1991 1323 2045 requirit,
1353 1994 1399 2032 ut
1425 1989 1588 2031 habitet
1615 1989 1656 2030 in
1683 1989 1806 2030 domo

336 2137 355 2170 2
371 2136 472 2170 Rom,
495 2137 526 2176 2,
549 2136 590 2170 13
674 2134 748 2169 4cf.
763 2135 864 2169 Rom.
879 2135 911 2174 2,
932 2135 973 2169 14
1058 2134 1079 2168 9
1099 2133 1142 2168 cf.
1158 2133 1258 2168 Rom.
1273 2133 1355 2172 2,11
1473 2132 1516 2167 10
1535 2131 1577 2166 cf.
1592 2131 1734 2171 Rom.3‚
1748 2131 1788 2166 :29

236 2197 278 2230 13
299 2196 341 2230 cf.
356 2195 427 2229 (301.
439 2195 524 2236 3,25
596 2195 637 2230 16
648 2194 690 2228 cf.
708 2193 803 2228 Hier.
818 2193 1010 2239 38(31),33
1067 2195 1108 2229 17
1124 2192 1218 2226 Hier.
1230 2193 1275 2227 38
1285 2192 1422 2237 (31),34
1514 2192 1553 2226 21
1571 2190 1614 2225 cf.
1629 2189 1772 2230 Rom.5‚
1785 2189 1806 2225 5

236 2256 277 2289 22
293 2255 335 2289 cf.
353 2255 368 2288 l
384 2254 471 2289 Tim.
488 2257 518 2295 1,
532 2254 551 2288 5
642 2254 683 2288 24
698 2254 740 2288 cf.
759 2252 864 2288 ICor.
880 2254 933 2294 13,
949 2253 990 2289 12
1079 2253 1121 2287 26
1141 2252 1183 2287 cf.
1207 2252 1262 2286 Ps.
1285 2251 1339 2292 26,
1359 2253 1380 2286 4

336 2358 357 2391 6
383 2356 536 2401 pertinet·
555 2355 582 2390 S
685 2354 926 2389 sed—habent
945 2353 985 2389 in
1005 2365 1069 2399 my.
1092 2354 1177 2388 Lm3
1279 2362 1403 2388 uerum
1423 2351 1528 2386 deum
1548 2350 1578 2385 O
1689 2351 1707 2385 7
1728 2353 1806 2384 (avite

237 2421 312 2451 tam
327 2427 409 2450 erae.
429 2415 487 2449 sed
500 2415 528 2449 L
609 2414 783 2460 quaedam
797 2425 861 2449 om.
874 2414 892 2448 b
983 2414 1004 2448 8
1015 2412 1088 2458 ipse
1099 2412 1117 2446 b
1200 2413 1244 2448 10
1254 2415 1308 2446 est
1318 2411 1402 2447 deus
1412 2411 1504 2446 zobel
1555 2409 1677 2455 etiam]
1697 2413 1733 2445 et
1746 2410 1806 2444 zbd

236 2475 564 2521 quantulacumqua
573 2473 656 2509 Oml
702 2476 743 2510 12
757 2486 809 2519 pr.
822 2484 891 2508 non
903 2483 929 2506 s.
943 2474 963 2508 l.
975 2472 1062 2507 0m2
1103 2474 1145 2508 13
1155 2482 1233 2507 eam
1243 2471 1272 2506 Ο
1312 2470 1423 2506 credit
1433 2470 1453 2505 b
1503 2470 1545 2507 15
1555 2466 1776 2515 prophetiam
1787 2469 1806 2502 b

238 2537 279 2572 16
290 2534 373 2581 legis
385 2536 403 2569 b
466 2536 504 2570 17
518 2534 701 2580 perueniat
711 2545 778 2579 que
789 2533 871 2568 dam
881 2533 964 2567 Oml
1029 2531 1075 2567 ad
1085 2530 1178 2577 eam]
1189 2530 1275 2566 eade
1283 2530 1324 2571 G,
1338 2530 1420 2565 Pin
1430 2540 1497 2565 ναε.
1560 2528 1775 2575 agnitionem
1786 2528 1805 2562 b

235 2595 284 2630 ibi
294 2595 377 2630 Lml
399 2594 461 2629 ubi
470 2595 527 2629 πι2
539 2604 564 2630 s.
578 2604 654 2639 eaep.
667 2597 703 2629 et
711 2589 741 2628 0
793 2594 836 2629 19
850 2584 935 2627 dnin
945 2604 963 2628 r
1011 2591 1095 2637 quia
1105 2589 1239 2635 omnes]
1253 2600 1374 2626 omnes
1384 2589 1478 2624 enim
1489 2589 1508 2624 b
1561 2586 1765 2641 meque
1773 2582 1804 2621 Ο

235 2656 275 2691 21
301 2654 397 2700 quod
418 2654 502 2689 Lm]
514 2653 543 2689 Ο
577 2665 667 2699 quo*
679 2649 709 2688 O
860 2651 1057 2688 effunditur
1074 2650 1104 2686 Ο
1136 2649 1374 2687 infundituro
1526 2647 1668 2691 caritas]
1687 2656 1751 2691 gra
1773 2646 1803 2681 Ο

234 2716 277 2750 22
302 2714 461 2760 quolibet.
481 2714 510 2748 G
642 2713 684 2748 23
704 2712 814 2747 fiffita
836 2711 865 2746 C
998 2712 1040 2746 24
1060 2709 1224 2755 aenigma
1241 2708 1364 2744 SPGC
1498 2705 1670 2754 quidquid
1687 2704 1804 2742 SGOG

235 2774 277 2809 25
290 2774 415 2818 faciem
430 2785 451 2808 a
465 2772 590 2809 taciem
603 2773 640 2818 (a
653 2771 779 2808 faciem
794 2781 820 2807 s.
837 2772 875 2816 l.)
888 2770 924 2805 K
1016 2770 1060 2805 26
1073 2769 1177 2815 petiit
1188 2768 1291 2804 0de
1382 2771 1420 2803 et
1431 2778 1496 2803 om.
1507 2777 1526 2802 ε
1630 2764 1806 2802 inhabitet

238 2835 320 2870 Sml
328 2833 462 2869 POde

1841 955 1879 983 10

1838 1282 1876 1310 15

1828 1610 1871 1638 20

1832 1936 1874 1964 25

1973 501 1976 508 .
1969 280 1976 453 ...-...-4.-..,
1974 261 1976 267 .
1971 223 1976 246 .,
