2028 3204
139 952 179 982 10

141 1282 177 1312 ¹5

136 1634 180 1663 20

136 1963 178 1993 25

803 222 890 259 liber
923 223 960 260 11
991 225 1023 265 7,
1057 224 1186 259 13—1.··›
1710 215 1789 258 475

206 363 302 393 cum
330 350 444 405 apud
468 350 592 393 deum
622 349 738 393 nulla
761 354 883 402 esset,
915 349 1042 392 etiam
1072 349 1102 392 si
1133 349 1173 392 in
1208 350 1297 393 istis
1340 350 1425 393 ulla
1453 364 1539 392 csse
1568 351 1786 402 potuisset,

215 415 284 470 qui
347 415 494 471 utique
547 414 648 458 nihil
714 412 938 463 habebant,
1007 415 1114 457 unde
1167 415 1273 457 alter
1323 416 1441 459 alteri
1497 416 1784 472 praeferretur,

208 481 440 537 meritaque
485 481 601 524 nulla
649 480 829 537 propria,
880 480 966 524 siue
1019 481 1141 532 bona,
1195 482 1346 536 quibus
1411 484 1635 525 mereri-tur
1683 479 1750 524 alii
1770 497 1788 524 s

210 545 430 602 baptizari,
483 546 569 590 siue.
621 546 746 599 mala,
815 545 966 602 quibus
1028 546 1132 589 alius
1186 547 1272 590 sine
1336 547 1590 603 baptismate
1652 549 1784 591 mori?

208 626 261 656 an
311 612 453 668 aliqua
499 617 721 669 parentum
774 612 959 664 fuerunt,
1015 612 1084 655 ubi
1138 613 1364 656 fornicator
1413 618 1544 668 pater,
1592 614 1788 657 meretrix

206 679 369 721 mater?
411 678 482 721 sed
505 678 823 734 qualiacumque
845 678 915 720 illa
935 677 1104 730 fuerint,
1128 692 1210 720 non
1234 679 1378 734 utique
1403 679 1490 721 istis
1514 684 1602 721 tam
1625 680 1788 722 diuersa

206 743 445 787 condicione
474 744 745 787 morientibus
773 744 858 786 ulla
885 743 1061 795 diuersa,
1093 745 1164 787 sed
1183 745 1348 800 utrique
1369 745 1617 787 communia.
1641 745 1673 787 si
1693 758 1788 801 ergo

206 823 279 853 nec
299 810 450 861 fatum,
473 809 573 866 quia
592 810 730 853 nullae
753 810 896 852 stellae
917 809 999 851 ista
1019 810 1261 861 decernunt,
1286 824 1359 852 nec
1381 811 1562 861 fortuna,
1587 811 1685 865 quia
1706 825 1787 854 non

207 876 368 918 fortuiti
391 890 510 918 casus
532 877 633 919 haec
654 880 799 932 agunt,
822 889 897 918 nec
918 888 1186 931 personarum
1209 890 1282 918 nec
1305 876 1545 918 meritorum
1569 876 1788 919 diuersitas

207 942 283 984 hoc
318 942 519 993 fecerunt,
556 942 658 997 quid
687 946 831 993 restat,
867 946 1074 997 quantum
1109 942 1164 984 ad
1198 942 1460 997 baptizatum
1497 941 1675 994 adtinet,
1711 942 1787 984 nisi

204 1007 339 1063 gratia
354 1007 434 1059 dei,
459 1021 564 1063 quae
581 1006 691 1050 uasis
707 1007 830 1050 factis
850 1006 891 1050 in
907 1008 1105 1050 honorem
1121 1007 1249 1064 gratis
1267 1009 1404 1058 datur,
1424 1014 1629 1063 quantum
1647 1014 1788 1051 autem

205 1073 260 1116 ad
287 1087 369 1116 non
397 1073 675 1128 baptizatum,
704 1073 766 1115 ira
791 1073 871 1125 dei,
901 1087 1006 1129 quae
1032 1073 1142 1116 uasis
1168 1073 1291 1117 factis
1323 1073 1364 1116 in
1392 1074 1686 1116 contumeliam
1714 1087 1789 1130 pro

208 1135 335 1194 ipsius
347 1152 506 1182 massae
516 1138 674 1181 meritis
692 1139 909 1182 redditur?
930 1140 1001 1182 sed
1020 1139 1061 1182 in
1081 1136 1163 1191 illo,
1177 1139 1249 1196 qui
1265 1139 1504 1195 baptizatus
1523 1146 1599 1189 est,
1611 1141 1789 1195 gratiam

205 1203 271 1248 dei
295 1218 368 1247 uos
395 1204 584 1247 confiteri
611 1205 793 1261 cogimus
821 1210 863 1248 et
884 1205 1079 1248 meritum
1106 1205 1192 1248 eius
1217 1206 1378 1249 nullum
1404 1206 1668 1262 praecessisse
1695 1220 1788 1247 con-

207 1270 433 1322 uincimus;
466 1270 517 1313 de
549 1270 618 1313 illo
650 1276 792 1313 autem
826 1270 912 1313 sine
944 1271 1199 1327 baptismate
1231 1278 1409 1323 mortuo,
1439 1286 1511 1314 cur
1543 1271 1580 1314 ei
1612 1272 1788 1314 defuerit

207 1342 526 1387 sacrmnentum‚
547 1337 658 1392 quod
676 1343 717 1379 et
746 1351 819 1379 uos
837 1336 1029 1380 fatemini
1057 1337 1253 1381 omnibus
1273 1338 1484 1381 aetatibus
1502 1338 1788 1388 necessarium,

207 1407 249 1445 et
279 1401 382 1458 quid
410 1401 488 1445 isto
517 1403 641 1446 modo
671 1401 711 1444 in
743 1416 790 1445 eo
820 1403 943 1446 fuerit
971 1403 1245 1455 uindicatum,
1270 1417 1344 1447 uos
1373 1404 1573 1455 uideritis‚
1605 1405 1675 1459 qui
1704 1418 1785 1446 non

208 1467 335 1511 uultis
361 1481 448 1511 esse
473 1468 670 1524 originale
694 1468 905 1512 delictum.

313 1558 376 1600 15.
398 1558 526 1600 Nobis
543 1558 585 1600 in
604 1558 766 1601 duobus
784 1558 873 1601 istis
894 1558 1067 1614 geminis
1089 1573 1215 1602 unam
1234 1559 1375 1615 procul
1391 1560 1518 1602 dubio
1538 1560 1788 1602 habentibus

206 1637 374 1666 causam
392 1623 687 1667 difficultatem
706 1624 973 1679 quaestionis,
991 1638 1065 1667 cur
1081 1624 1183 1668 alius
1202 1625 1273 1677 sic,
1292 1626 1394 1668 alius
1413 1639 1508 1668 uero
1527 1626 1585 1668 sic
1602 1631 1790 1668 mortuus

210 1694 285 1741 est,
304 1689 421 1732 uelut
439 1703 521 1732 non
547 1689 744 1733 soluendo
770 1690 897 1733 soluit
915 1690 1142 1746 apostolus.
1170 1691 1241 1746 qui
1266 1705 1360 1734 cum
1387 1697 1428 1734 et
1448 1692 1534 1747 ips>
1559 1693 1609 1734 de
1628 1693 1787 1734 duobus

204 1754 376 1811 geminis
408 1755 492 1798 tale
522 1755 680 1811 aliquid
711 1756 1003 1812 proposuisset,
1043 1762 1211 1812 propter
1242 1758 1355 1813 quod
1386 1771 1467 1800 non
1500 1772 1550 1800 ex
1581 1758 1789 1814 operibus,

205 1820 305 1876 quia
328 1821 513 1863 nondum
537 1821 694 1877 operati
719 1821 886 1865 fuerant
909 1822 1067 1878 aliquid
1090 1823 1189 1865 boni
1212 1823 1278 1866 uel
1303 1823 1415 1875 mali,
1442 1825 1513 1867 sed
1537 1838 1588 1866 ex
1612 1829 1788 1866 uocante

204 1886 362 1930 dictum
393 1890 473 1929 est:
507 1887 698 1930 maior
727 1887 969 1931 seruiet
998 1888 1234 1940 minori,
1267 1893 1326 1932 et:
1362 1890 1545 1932 Iacob
1576 1889 1790 1939 dilexi,-

205 1951 242 1994 E
259 1966 276 1995 s
294 1966 320 1995 a
335 1967 362 1996 ιι
392 1966 417 1995 a
434 1966 459 1994 u
477 1957 496 1994 t
512 1967 534 1995 e
551 1966 593 1994 m
631 1967 654 1995 0
672 1953 699 1995 d
720 1953 770 1996 io
800 1953 827 1996 h
845 1967 870 1996 a
886 1954 912 1996 b
930 1967 957 1995 u
974 1953 1000 2005 i,
1033 1958 1076 1997 et
1104 1954 1226 1997 huius
1255 1955 1550 2010 profunditatis
1581 1956 1788 1997 horrorem

206 2031 337 2073 usque
360 2019 413 2061 ad
435 2018 512 2060 hoc
534 2018 809 2074 perduxisset,
834 2024 881 2061 ut
904 2017 1076 2062 diceret:
1102 2033 1123 2062 e
1140 2033 1159 2062 r
1175 2034 1200 2076 g
1218 2035 1241 2063 o
1265 2034 1287 2063 c
1306 2034 1331 2063 u
1350 2021 1361 2062 i
1380 2036 1405 2064 u
1423 2036 1440 2064 s
1465 2036 1491 2063 u
1510 2036 1536 2063 u
1555 2021 1566 2062 l
1586 2027 1601 2063 t
1627 2036 1667 2063 m
1685 2021 1696 2062 i
1714 2036 1730 2061 s
1750 2034 1788 2062 e-

206 2096 225 2125 r
241 2097 262 2126 e
279 2089 298 2126 t
316 2097 342 2126 u
360 2096 380 2125 r
408 2088 458 2126 et
487 2097 637 2139 quem
665 2099 692 2127 u
710 2098 737 2127 u
755 2084 767 2126 l
785 2089 803 2127 t
831 2098 854 2127 ο
872 2085 899 2127 b
917 2085 943 2127 d
961 2099 988 2127 u
1006 2098 1026 2127 r
1042 2098 1066 2127 a
1082 2090 1114 2137 t,
1135 2086 1263 2128 sensit
1275 2087 1474 2129 continuo
1492 2087 1591 2142 quid
1604 2091 1790 2128 moueret

207 2154 248 2191 et
271 2149 349 2191 sibi
368 2150 497 2192 uerba
522 2150 856 2202 contradicentiS‚
877 2164 982 2206 quae
1010 2151 1238 2206 apostolica
1264 2153 1513 2195 auctoritate
1541 2153 1788 2202 coherceret,

311 2351 348 2385 11
369 2350 411 2385 cf.
434 2350 534 2386 Rom.
554 2351 586 2392 9,
604 2351 642 2386 21
711 2351 752 2386 22
769 2350 812 2385 cf.
836 2350 938 2387 Rom.
957 2351 989 2393 9,
1009 2353 1116 2388 11.12
1180 2354 1221 2388 24
1238 2353 1337 2387 Rom.
1360 2353 1391 2394 9,
1406 2354 1446 2388 13
1513 2353 1554 2387 26
1574 2354 1674 2388 Rom.
1695 2353 1726 2392 9,
1747 2353 1788 2387 18

311 2482 326 2516 1
360 2480 455 2527 cum]
483 2491 574 2527 quae
594 2481 648 2516 Vb
740 2473 825 2517 dffi
848 2482 880 2518 Β
967 2483 988 2518 3
1014 2483 1142 2520 merita
1167 2495 1235 2530 que
1259 2483 1346 2519 Omss
1425 2485 1499 2519 sine
1520 2484 1548 2517 C
1638 2487 1655 2519 7
1683 2482 1786 2517 utris-

209 2551 277 2586 que
292 2540 325 2575 D
414 2541 436 2577 8
452 2540 591 2577 tutum
608 2540 639 2575 Β
653 2539 782 2585 fatuim
793 2544 826 2579 D
916 2542 1003 2588 non]
1018 2554 1082 2579 nec
1093 2545 1127 2580 D
1218 2546 1256 2579 11
1277 2544 1332 2579 dei
1349 2543 1499 2578 mn.0ml
1590 2543 1718 2576 honore
1727 2540 1788 2577 OF

210 2600 252 2636 12
269 2599 374 2636 tactis
389 2601 490 2637 om.V
551 2601 593 2637 13
610 2601 748 2638 meritis
763 2602 842 2638 ritis
853 2604 886 2639 D
945 2602 1193 2649 baptizaturD
1254 2603 1530 2650 gratiam—476,
1545 2601 1584 2636 15
1594 2602 1629 2636 in
1640 2600 1787 2646 gloriam

207 2659 311 2696 omn
357 2661 399 2695 14
415 2660 472 2696 dei
488 2660 584 2697 omo
629 2661 827 2708 cogitamus
838 2662 870 2696 B
886 2660 1079 2709 cogitemus
1095 2662 1125 2698 0
1181 2663 1223 2698 16
1239 2674 1302 2698 nos
1314 2663 1344 2697 B
1393 2660 1586 2697 fatiminiO
1643 2661 1683 2695 17
1700 2662 1737 2695 et
1746 2670 1788 2694 ez

209 2718 287 2755 utO
337 2730 396 2755 eos
407 2719 500 2756 CEF
562 2721 603 2756 18
621 2731 693 2757 esse
709 2720 841 2758 om-EF
891 2721 1060 2759 orientale
1071 2723 1156 2759 le
1224 2723 1268 2759 20
1284 2721 1344 2758 alt.
1361 2721 1410 2757 sic
1425 2722 1522 2756 om.F
1587 2720 1626 2755 21
1647 2723 1683 2755 et
1692 2718 1788 2754 om.0

209 2779 252 2816 22
268 2782 414 2826 propter
429 2789 517 2826 quos
527 2779 611 2817 GVb
666 2782 709 2817 25
729 2792 880 2818 errorem
891 2781 956 2818 EF
1025 2784 1068 2819 27
1084 2782 1194 2819 sentit
1208 2782 1239 2816 B
1301 2783 1343 2817 28
1360 2779 1518 2815 siuioml
1535 2779 1595 2815 siti
1609 2778 1640 2813 B
1693 2789 1795 2814 coer-

208 2837 438 2875 ceretOBEF
