2028 3204
302 189 380 233 310
742 199 800 234 IV.
834 198 888 234 De
918 203 1045 236 natura
1073 202 1112 236 et
1141 199 1273 246 origine
1298 200 1438 236 animae

301 325 452 380 aliqua,
503 325 535 367 si
585 325 776 375 ualuerit‚
823 324 985 367 ratione
1026 325 1237 368 defendat.
1287 339 1371 368 non
1398 325 1509 368 enim
1541 326 1618 368 hoc
1649 324 1868 382 exigerem,

299 390 375 433 nisi
424 391 510 446 ipse
557 390 743 435 dixisset.
795 391 906 445 quod
953 390 1092 433 anima
1131 391 1327 433 meruerit
1359 404 1446 433 esse
1477 391 1702 447 peccatrix.
1755 391 1869 442 dicat

299 456 494 499 meritum
526 456 612 499 eius
645 461 786 498 utrum
819 455 974 498 bonum
1007 455 1131 498 fuerit
1164 469 1270 498 anne
1303 456 1471 499 malum.
1518 456 1551 498 si
1584 456 1752 507 bonum,
1787 470 1869 512 quo

300 521 448 564 merito
486 521 593 564 bono
628 521 742 564 uenit
774 521 817 563 in
849 520 1036 564 malum?
1086 521 1120 564 si
1152 522 1322 572 malum,
1373 522 1481 564 unde
1513 520 1682 577 aliquod
1713 521 1870 564 malum

300 587 495 630 meritum
528 592 625 629 ante
658 601 778 629 omne
810 586 1054 643 peccatum?
1100 587 1203 629 item
1235 587 1346 629 dico:
1389 587 1423 629 si
1455 587 1623 638 bonum,
1658 601 1741 630 non
1773 600 1867 642 ergo
1895 599 1912 629 5

302 667 393 695 eam
423 652 566 707 gratis,
598 653 666 694 sed
695 653 923 695 secundum
947 652 1136 695 debitum
1161 652 1309 694 liberat
1332 653 1481 707 gratia,
1510 652 1627 695 cuius
1648 652 1870 708 praecessit

300 719 495 760 meritum
537 718 705 769 bonum,
750 732 797 760 ac
838 718 896 759 sic
935 718 1070 773 gratia
1110 718 1193 760 iam
1235 732 1317 760 non
1350 718 1427 760 erit
1458 718 1611 773 gratia3
1662 718 1695 760 si
1728 722 1868 760 autem

300 784 468 835 malum,
520 797 672 839 quaero
721 784 832 839 quod
874 784 940 826 sit.
998 797 1051 826 an
1085 784 1195 839 quod
1229 783 1344 826 uenit
1375 783 1418 826 in
1449 797 1627 835 carnem,
1672 796 1754 839 quo
1787 796 1870 825 non

300 849 493 900 uenisset,
527 849 605 891 nisi
638 850 750 905 apud
784 863 907 904 quem
939 863 1022 891 non
1054 854 1117 891 est
1149 849 1347 904 iniquitas
1380 849 1467 905 ipse
1499 848 1708 891 misisset?
1751 862 1870 891 num-

302 929 427 970 quam
459 915 585 970 igitur
618 914 694 957 nisi
727 929 768 957 se
802 915 845 957 in
876 915 1016 970 peiora
1039 915 1317 970 praecipitans
1342 915 1449 957 hanc
1476 927 1594 957 suam
1619 913 1870 957 sententiam
1900 925 1940 955 ιο

299 981 491 1023 molietur
519 986 717 1032 astruere,
746 994 828 1035 qua
856 980 977 1031 dixit,
1006 981 1117 1035 quod
1145 980 1285 1022 anima
1310 979 1506 1022 meruerit
1534 994 1620 1022 esse
1645 979 1869 1036 peccatrix.

302 1051 344 1088 et
367 1047 417 1088 de
446 1046 508 1088 his
533 1046 700 1101 quidem
725 1046 921 1101 paruulis,
948 1059 1120 1101 quorum
1156 1046 1198 1088 in
1230 1045 1439 1101 baptismo
1472 1045 1644 1088 diluitur
1677 1045 1870 1100 originale

301 1117 534 1167 peccatum,
586 1112 747 1154 inuenit
790 1111 1146 1166 qualitercumque
1179 1112 1286 1166 quod
1322 1111 1489 1161 diceret,
1525 1111 1722 1166 quoniam
1754 1124 1870 1166 prae·

300 1178 474 1220 scientia
493 1177 557 1219 dei
579 1177 900 1233 praedestinatis
925 1177 968 1219 in
990 1177 1123 1219 uitam
1148 1182 1361 1219 aeternam
1387 1176 1490 1219 nihil
1507 1176 1648 1219 obesse
1667 1176 1870 1231 potuisset
1984 1215 1988 1218 .

300 1243 510 1299 paulisper
549 1243 681 1285 alieno
724 1243 934 1285 inhaerere
971 1247 1155 1298 peccato,
1207 1242 1318 1297 quod
1351 1241 1620 1284 tolerabiliter
1651 1241 1869 1291 diceretur,
1902 1252 1938 1282 15

301 1309 335 1351 si
367 1323 452 1351 non
484 1308 562 1350 iste
595 1308 731 1350 uerbis
775 1308 858 1350 suis
891 1308 1157 1364 inplicaretur
1189 1308 1328 1350 dicens
1362 1308 1473 1363 quod
1504 1306 1700 1349 meruerit
1733 1306 1872 1348 anima

301 1388 387 1416 esse
432 1374 655 1429 peccatrix.
722 1374 830 1416 unde
880 1387 922 1416 se
964 1373 1131 1416 omnino
1172 1387 1256 1416 non
1305 1373 1465 1423 liberat,
1526 1373 1603 1415 nisi
1651 1372 1727 1414 hoc
1775 1385 1869 1414 eum

299 1440 449 1482 dixisse
477 1440 703 1496 paeniteat.

390 1505 465 1548 IX.
502 1506 563 1548 10.
615 1505 677 1548 De
716 1505 793 1547 illis
843 1509 984 1547 autem
1032 1504 1216 1560 paruulis
1265 1504 1334 1559 qui
1366 1508 1499 1546 morte
1531 1502 1867 1559 praeueniuntur‚

302 1571 545 1626 priusquam
592 1571 859 1626 baptizentur
908 1569 950 1612 in
992 1570 1168 1621 Christo,
1222 1584 1316 1612 cum
1363 1569 1610 1624 respondere
1657 1567 1867 1618 uoluisset,
1897 1579 1938 1609 2⁰

301 1651 424 1679 ausus
458 1642 520 1679 est
556 1636 624 1678 ‘eis
665 1636 909 1691 promittere
949 1649 1033 1678 non
1079 1635 1212 1678 solum
1254 1634 1505 1690 paradisum,
1555 1647 1697 1676 uerum
1743 1633 1870 1675 etiam

301 1716 475 1756 regnum
523 1701 744 1744 caeloruni‘
779 1713 862 1743 non
910 1701 1135 1751 inuenienS,
1180 1714 1261 1755 qua
1294 1699 1437 1751 exiret,
1471 1713 1522 1742 ne
1554 1699 1676 1741 deum
1711 1698 1869 1740 animas

300 1768 540 1810 innocentes
573 1767 707 1809 dicere
741 1771 953 1821 cogeretur
995 1771 1164 1808 aeterna
1196 1770 1329 1808 morte
1362 1766 1573 1815 damnare,
1622 1778 1725 1819 quas
1758 1763 1870 1806 nullo

300 1834 447 1875 merito
480 1833 753 1888 praecedente
786 1832 948 1887 peccati
980 1832 1092 1874 carni
1114 1831 1255 1874 inserit
1282 1830 1514 1887 peccatrici.
1548 1830 1619 1873 sed
1645 1835 1871 1884 utcumque
1930 1867 1935 1872 .

300 1899 482 1941 sentiens
515 1898 613 1953 quid
647 1897 745 1939 mali
778 1897 929 1939 dixerit
961 1897 1046 1940 sine
1074 1896 1158 1939 ulla
1181 1896 1333 1939 Christi
1363 1895 1500 1952 gratia
1531 1895 1675 1938 redimi
1709 1894 1868 1937 animas
1897 1905 1937 1935 25

301 1964 571 2020 paruulorum
618 1963 660 2005 iu
709 1968 921 2005 aeternam
962 1963 1096 2005 uitam
1136 1975 1392 2018 regnumque
1425 1961 1630 2004 caelorum
1663 1965 1705 2002 et
1737 1959 1779 2001 in
1810 1959 1867 2002 eis

301 2044 419 2085 posse
452 2029 557 2072 solui
591 2028 787 2083 originale
823 2033 1042 2084 peccatum
1076 2028 1162 2071 sine
1189 2027 1342 2071 Christi
1374 2026 1596 2083 baptismo,
1630 2025 1672 2068 in
1705 2038 1787 2080 quo
1818 2024 1869 2066 fit

301 2096 485 2138 remissio
533 2100 813 2150 peccatorum,
865 2093 1009 2136 uidens
1058 2106 1165 2149 ergo,
1219 2093 1262 2135 in
1307 2106 1433 2147 quam
1464 2105 1506 2134 se
1538 2090 1870 2147 profunditatem

304 2160 543 2216 naufragosi
580 2159 756 2215 gurgitis
787 2159 946 2201 iecerit:
997 2172 1106 2209 sane,
1140 2158 1290 2214 inquit,
1330 2171 1403 2212 pro
1434 2158 1490 2199 eis
1523 2155 1738 2199 oblationes
1769 2155 1872 2198 assi-

393 2262 414 2296 6
433 2262 477 2296 cf.
492 2261 595 2296 Rom.
614 2263 645 2302 4,
664 2263 683 2296 4
740 2261 758 2295 7
771 2260 814 2294 cf.
828 2261 928 2295 Rom.
943 2259 1028 2301 11,ss
1084 2260 1104 2294 9
1120 2260 1163 2294 cf.
1184 2257 1221 2293 II
1236 2259 1314 2294 Par.
1328 2258 1380 2299 19,
1397 2259 1427 2293 7.
1444 2258 1546 2293 Rom.
1564 2257 1596 2298 9,
1615 2258 1656 2292 14
1712 2257 1751 2291 21
1765 2256 1864 2292 Vine.

305 2320 425 2356 Victor
494 2322 538 2356 24
555 2320 598 2355 cf.
619 2320 720 2355 Rom.
738 2320 806 2362 8,3
881 2321 923 2354 27
941 2319 984 2354 cf.
1002 2320 1108 2354 Marc.
1129 2321 1157 2361 1,
1177 2322 1196 2354 4
1273 2319 1316 2354 29
1338 2317 1438 2353 Vine.
1460 2316 1583 2352 Victor

395 2394 411 2427 1
430 2391 583 2427 uoluerit
596 2391 645 2426 ΕΙ)
685 2391 902 2436 exigeremus
912 2391 962 2426 Eb
1010 2392 1030 2426 2
1044 2389 1172 2425 meruit
1184 2389 1288 2425 EGM
1331 2390 1353 2424 3
1367 2399 1413 2423 an
1426 2388 1487 2424 EG
1523 2387 1619 2434 quod
1631 2386 1664 2421 D
1708 2387 1730 2422 4
1743 2385 1822 2421 inde
1835 2386 1866 2420 A

304 2452 327 2487 6
338 2450 464 2498 gratis]
480 2451 638 2497 gratuita
653 2450 767 2496 gratia
781 2451 799 2485 b
903 2449 1030 2486 liberet
1040 2450 1069 2484 C'
1174 2450 1195 2485 8
1208 2448 1309 2484 uenit
1324 2447 1376 2483 bis
1386 2459 1466 2492 pon.
1477 2448 1506 2483 G
1617 2445 1702 2493 quo]
1715 2445 1810 2492 quod
1824 2444 1867 2479 Μ

304 2512 346 2547 10
360 2510 530 2557 impeiora
540 2511 581 2545 M
630 2512 669 2546 11
690 2509 873 2545 moliretur
884 2509 995 2545 GEGb
1039 2508 1129 2544 dicit
1139 2509 1157 2544 b
1203 2508 1331 2544 meruit
1344 2505 1577 2543 ABC'EFGM
1620 2506 1663 2541 12
1672 2504 1725 2551 et]
1740 2504 1835 2550 quod
1848 2503 1868 2539 b

304 2572 347 2607 13
365 2570 445 2606 inde
461 2569 559 2606 uenit
574 2570 616 2604 M
683 2569 797 2605 dicere
809 2569 852 2603 M
921 2570 961 2604 14
980 2567 1242 2615 praedistinatis
1253 2568 1282 2603 C
1297 2567 1331 2612 (e
1345 2577 1370 2603 ε.
1387 2578 1442 2612 pr.
1457 2567 1471 2603 i
1485 2566 1557 2611 ml)
1624 2565 1668 2602 15
1680 2563 1814 2607 alienos
1825 2563 1867 2598 Μ

302 2630 443 2665 inhaere
459 2631 491 2665 A
584 2630 625 2665 16
641 2628 735 2674 quod
749 2640 813 2664 om.
825 2629 859 2663 A
940 2628 983 2664 18
1003 2627 1150 2664 dixisset
1161 2628 1202 2662 M
1286 2628 1327 2663 19
1340 2626 1560 2673 promuntur
1578 2625 1618 2660 M
1709 2624 1752 2659 24
1767 2632 1867 2668 prae·

304 2689 462 2734 cedentis
473 2689 502 2725 C
514 2689 546 2734 (e
564 2701 593 2724 s.
612 2687 705 2733 iml)
776 2687 889 2723 carnis
898 2687 1027 2723 ABCG
1119 2687 1161 2722 25
1174 2679 1248 2732 qud
1262 2679 1303 2731 (d
1314 2696 1340 2721 ε.
1360 2696 1435 2730 exp.
1453 2685 1520 2730 i)l‹'
1601 2682 1822 2719 maledixerit
1835 2680 1869 2716 F

305 2748 442 2784 animas
462 2747 590 2784 redimi
606 2747 666 2784 BG
784 2749 824 2784 27
840 2746 1044 2793 originaliA
1171 2745 1348 2793 baptismo
1374 2742 1502 2781 Christi
1512 2744 1534 2779 d
1654 2752 1725 2788 qua
1738 2740 1867 2778 ABGG

305 2809 347 2844 28
363 2819 398 2843 se
415 2821 480 2844 om.
495 2809 526 2844 Ε
616 2807 660 2843 29
673 2807 844 2852 naufrago
857 2806 889 2842 si
904 2806 933 2842 0
1150 2816 1153 2822 ·
