2028 3204
283 499 592 542 AVGVSTINI
608 500 641 542 R
648 499 1127 544 ETRACTATIONVM
1138 501 1244 544 LIB.
1258 501 1312 544 II.
1324 501 1439 544 CAP.
1452 500 1599 544 LXIII
1609 500 1861 556 (XXXVII)

663 577 807 632 (PAG.
841 578 929 629 175,
962 580 1012 622 13
1040 579 1130 622 ΕΙ).
1167 579 1424 633 KNOELL).

299 655 376 698 DE
427 655 652 698 SPIRITV
692 655 763 697 ET
804 655 1051 698 LITTERA
1100 657 1176 700 AD
1227 655 1639 698 MARCELLINVM
1678 655 1854 698 LIBER

974 727 1134 770 VNVS.

389 826 423 866 1.
454 823 518 865 Ad
558 836 681 877 quem
719 822 963 878 scripseram
1000 828 1083 865 tres
1120 823 1258 873 libros,
1298 836 1474 878 quorum
1510 822 1657 864 titulus
1694 828 1757 864 est
1797 823 1856 865 De
1885 836 1902 864 5

282 895 548 945 peccatorum
578 888 734 930 meritis
764 893 807 930 et
835 888 1085 939 remissione,
1117 888 1189 931 ubi
1217 888 1436 944 diligenter
1462 887 1704 942 disputatur
1731 888 1856 930 etiam

281 956 331 997 de
356 954 566 1010 baptismo
590 954 874 1009 paruulorum,
900 954 1109 1009 rescripsit
1133 953 1235 996 mihi
1258 968 1299 996 se
1324 953 1447 996 fuisse
1472 959 1721 1008 permotum,
1747 955 1857 1009 quod

281 1020 455 1063 dixerim
472 1020 562 1062 fieri
576 1033 707 1075 posse,
724 1024 771 1062 ut
786 1019 839 1062 sit
854 1020 978 1061 homo
993 1020 1079 1061 sine
1095 1025 1279 1074 peccato,
1296 1019 1329 1061 si
1344 1019 1538 1061 uoluntas
1554 1018 1639 1061 eius
1654 1032 1735 1061 11011
1751 1019 1858 1061 desit

282 1101 358 1141 ope
381 1086 610 1128 adiuuante
633 1085 789 1136 diuina,
815 1085 1005 1140 quamuis
1028 1099 1149 1127 nemo
1172 1090 1260 1127 tam
1283 1085 1490 1140 perfectae
1513 1083 1695 1126 iustitiae
1719 1084 1758 1126 in
1782 1085 1857 1126 hac

282 1152 372 1194 uita
395 1152 461 1194 uel
485 1151 609 1193 fuerit
634 1151 699 1193 uel
723 1151 777 1192 sit
801 1151 865 1192 uel
890 1151 1056 1192 futurus
1080 1151 1146 1192 sit.
1189 1150 1393 1206 quaesiuit
1418 1150 1540 1199 enim,
1567 1150 1774 1204 quomodo
1798 1150 1858 1191 di-

282 1216 411 1260 xerim
451 1231 570 1272 posse
610 1216 712 1262 fieri,
753 1216 868 1258 cuius
907 1216 967 1258 rei
996 1216 1103 1258 desit
1133 1216 1382 1271 exemplum.
1430 1220 1600 1270 propter
1636 1216 1743 1257 hane-
1772 1215 1858 1257 eius

283 1283 593 1338 inquisitionem
617 1281 763 1337 scripsi
785 1281 950 1332 librum,
985 1282 1099 1323 cuius
1124 1287 1186 1323 est
1210 1281 1358 1324 titulus
1384 1281 1444 1323 De
1468 1281 1616 1335 spiritu
1640 1286 1681 1322 et
1704 1280 1857 1325 littera.

283 1354 543 1404 pertractans
569 1347 842 1402 apostolicam
867 1347 1131 1397 sententiam,
1158 1347 1231 1389 ubi
1255 1347 1333 1389 ait:
1360 1346 1489 1388 littera
1513 1345 1663 1396 oceidit,
1689 1346 1859 1398 spirans

283 1419 413 1456 autem
441 1412 643 1466 uiuificat.

389 1493 426 1533 2.
447 1491 495 1533 In
509 1504 589 1546 quo
604 1490 722 1540 libro,
737 1495 943 1546 quantum
960 1490 1060 1532 deus
1072 1489 1254 1540 adiuuit,
1273 1489 1470 1531 atrociter
1485 1488 1699 1543 disputaui
1714 1494 1859 1530 eontra

283 1557 469 1599 inimicos
491 1556 649 1611 gratiae
672 1556 751 1605 dei,
776 1569 859 1610 qua
881 1555 1135 1597 iustificatur
1155 1555 1304 1610 inpius.
1344 1568 1438 1597 cum
1461 1559 1602 1596 autem
1625 1567 1785 1609 agerem
1808 1554 1858 1595 de

283 1621 643 1664 obseruationibus
677 1621 927 1663 Iudaeorum
957 1635 981 1663 a
1008 1620 1258 1676 quibusdam
1288 1619 1388 1662 escis
1419 1619 1646 1662 secundum
1675 1624 1858 1661 ueterem

282 1689 412 1743 legem
449 1687 765 1735 abstinentium,
818 1686 923 1728 dixi:
978 1700 1001 1740 q
1015 1699 1044 1728 u
1061 1699 1085 1727 a
1101 1699 1121 1727 r
1136 1699 1164 1728 u
1181 1700 1211 1728 n
1226 1685 1252 1727 d
1268 1700 1294 1728 a
1308 1698 1350 1727 m
1402 1698 1422 1727 e
1438 1698 1457 1727 s
1474 1698 1494 1726 c
1510 1699 1535 1727 a
1549 1697 1569 1725 r
1585 1698 1614 1727 u
1630 1698 1670 1726 m
1717 1696 1736 1725 c
1751 1697 1770 1725 e
1787 1697 1807 1724 r
1823 1697 1859 1726 e-

283 1767 323 1795 m
340 1766 406 1795 on
422 1753 439 1794 i
455 1767 480 1796 a
497 1766 528 1795 e.
556 1753 666 1808 quod
692 1766 842 1794 nomen
868 1765 951 1793 non
976 1756 1039 1793 est
1063 1751 1105 1794 in
1131 1765 1208 1793 usu
1233 1755 1473 1793 sanctarum
1498 1750 1746 1797 litterarum,
1767 1749 1857 1791 ideo

283 1825 424 1861 tamen
451 1818 554 1860 mihi
580 1831 807 1873 congruens
836 1817 971 1859 uisum
997 1822 1072 1867 est,
1102 1817 1213 1872 quod
1240 1831 1264 1858 a
1290 1817 1467 1858 carendo
1494 1815 1724 1870 appellatas
1751 1828 1859 1856 (919-

282 1883 442 1927 monias
472 1883 590 1939 quasi
617 1882 861 1926 carimonias
890 1882 1089 1924 memoria
1128 1882 1324 1924 tenebam
1351 1895 1411 1931 eo,
1451 1881 1561 1937 quod
1590 1880 1857 1922 obseruantes

283 1954 452 1991 careant
479 1949 542 1991 his
570 1949 705 1998 rebus,
735 1963 759 1990 a
788 1948 937 2004 quibus
966 1962 1007 1990 se
1035 1947 1261 1990 abstinent.
1307 1947 1418 2003 quod
1446 1946 1480 1988 si
1507 1951 1569 1988 est
1597 1945 1708 2000 origo
1736 1945 1857 1986 huius

283 2015 475 2066 nominis,
507 2028 611 2070 quae
640 2014 836 2056 abhorret
865 2028 889 2056 a
918 2027 1016 2056 uera
1044 2013 1250 2069 religione,
1280 2012 1509 2055 secundum
1536 2011 1644 2054 hanc
1672 2024 1745 2065 ego
1775 2024 1856 2052 11011

283 2094 375 2123 311111
403 2080 580 2130 locutus,
611 2081 681 2122 sed
711 2079 940 2121 secundum
968 2079 1106 2129 istam,
1138 2092 1265 2133 quam
1293 2091 1418 2133 supra
1447 2075 1687 2118 memoraui.

390 2158 425 2200 3.
466 2157 545 2198 Hic
577 2156 680 2199 liber
724 2156 781 2198 sic
819 2155 985 2210 incipit:
1034 2155 1163 2198 Lectis
1197 2154 1413 2209 opusculis,
1448 2166 1548 2209 quae
1579 2152 1631 2196 ad
1662 2157 1696 2195 te
1726 2166 1856 2206 nuper

284 2221 501 2272 elaboraui,
536 2220 604 2275 sili
635 2222 842 2264 carissime
874 2219 1124 2264 Marcelline.

388 2341 429 2375 13
448 2340 483 2374 II
501 2340 575 2375 Gor.
595 2341 627 2381 3,
646 2341 667 2375 6
745 2341 787 2375 16
802 2339 845 2375 cf.
865 2340 968 2375 Rom.
986 2341 1018 2382 4,
1036 2339 1057 2374 5
1127 2339 1169 2374 18
1187 2339 1239 2373 De
1253 2338 1335 2384 spir.
1354 2339 1391 2373 et
1406 2336 1477 2372 litt.
1499 2337 1553 2378 21,
1571 2337 1615 2372 36
1690 2337 1779 2382 Aug.
1797 2347 1852 2381 ep.

287 2401 343 2442 82,
362 2400 403 2436 18
494 2400 536 2435 20
552 2399 597 2435 cf.
619 2398 705 2435 Gell.
726 2399 829 2435 Noct.
849 2399 926 2435 Att.
950 2398 999 2435 IV
1014 2400 1046 2442 9,
1064 2399 1086 2435 8

1891 1162 1928 1190 10

1889 1500 1927 1528 15

1886 1826 1928 1856 20
