2028 3204
221 235 306 278 410
656 242 714 278 IV.
747 243 800 278 De
831 245 961 278 natura
989 245 1027 278 et
1057 241 1190 290 origine
1220 242 1359 279 animae

216 368 339 423 plane
362 367 551 410 uidemus
578 371 621 408 et
647 366 688 408 in
715 380 764 408 ea
788 369 930 408 tamen
955 365 1139 420 aliquam
1165 366 1347 421 corporis
1373 365 1690 409 similitudinem
1707 381 1791 411 non

218 433 421 487 uidemus,
454 433 564 474 hanc
583 431 625 473 in
644 430 723 473 alio
744 430 935 486 quamuis
953 435 1170 486 praesente
1188 444 1270 474 non
1290 430 1509 483 cernimuS,
1529 431 1658 475 etiam
1675 433 1791 477 cuius

218 498 402 543 absentis
443 497 592 540 faciem
634 496 840 548 nouimus,
884 496 1116 547 recolimus,
1161 496 1404 551 cogitamus.
1461 501 1650 540 nostram
1691 510 1788 540 uero

218 564 365 606 facicm
384 576 431 604 eo
451 563 574 605 modo
592 574 727 613 nosse,
747 560 937 613 recolere,
957 561 1136 615 cogitare
1153 575 1237 603 non
1256 574 1478 616 possumus
1495 565 1539 604 et
1555 565 1697 604 tamen
1714 575 1790 606 nos

218 629 326 683 ipsos
362 628 479 670 nobis
514 627 646 681 magis
681 639 807 682 quam
843 626 960 669 illum
995 627 1207 682 cognitum
1241 627 1456 669 uerissime
1490 627 1677 670 dicimus,
1728 628 1789 670 ita
1815 642 1836 671 5

221 694 376 736 clarum
402 697 479 744 est,
509 693 581 734 ubi
612 692 667 734 sit
695 692 833 747 potior
861 692 1039 734 hominis
1068 692 1286 747 ueriorque
1315 692 1479 734 notitia.

326 758 423 800 XX.
443 759 507 801 31.
527 757 630 801 Cum
647 770 741 812 ergo
757 757 870 800 aliud
887 757 942 799 sit
957 757 1000 799 in
1016 757 1169 808 anima,
1188 770 1270 812 quo
1288 770 1460 813 corpora
1474 769 1573 800 uera
1587 757 1790 800 sentimus

218 849 272 854 -—
296 824 407 879 quod
434 823 609 866 facimus
636 823 819 878 quinque
845 822 1032 864 sensibus
1057 823 1237 878 corporis
1262 847 1327 877 —,
1368 822 1494 875 aliud,
1522 836 1603 878 quo
1627 826 1793 879 praeter

218 890 327 945 ipsos
356 889 507 931 similia
533 888 772 944 corporibus
799 900 881 930 non
908 900 1078 943 corpora
1104 888 1308 930 cernimus
1335 912 1390 917 —
1413 888 1485 930 ubi
1511 891 1555 930 et
1579 901 1654 930 nos
1679 888 1790 943 ipsos

218 969 300 997 non
324 954 445 997 aliter
469 967 595 1009 quam
621 953 773 995 similes
805 953 1042 1008 corporibus
1073 957 1316 996 contuemur
1345 978 1412 1007 —,
1446 953 1573 1005 aliud,
1602 967 1684 1009 quo
1713 967 1789 996 nec
1819 967 1861 997 ιο

221 1033 393 1075 corpora
417 1033 492 1062 nec
521 1018 812 1061 similitudines
841 1031 1072 1073 corporum,
1098 1019 1205 1060 sicut
1230 1018 1373 1070 fidem,
1401 1031 1530 1073 spem,
1557 1019 1789 1070 caritatem,

219 1086 306 1128 sine
329 1085 422 1127 ullis
454 1084 656 1127 coloribus
688 1088 730 1126 et
758 1084 992 1126 tumoribus
1022 1096 1246 1139 eorumque
1278 1084 1480 1126 similibus
1511 1083 1663 1126 certius
1690 1097 1790 1126 sane

221 1150 464 1206 firmiusque
491 1150 778 1205 conspicimus,
805 1149 878 1192 ubi
904 1149 1036 1204 magis
1078 1162 1165 1192 esse
1207 1153 1250 1191 et
1278 1150 1586 1204 quodammodo
1613 1148 1790 1192 familia-

222 1216 304 1257 rius
338 1216 527 1258 habitarc
562 1215 773 1266 debemus,
808 1214 880 1257 ubi
912 1215 1104 1257 renouari
1138 1215 1181 1256 in
1216 1214 1426 1269 agnitione
1459 1214 1527 1256 dei
1561 1214 1788 1256 secundum

217 1281 441 1335 imaginem
460 1281 545 1323 eius
564 1280 635 1336 qui
653 1280 810 1322 creauit
825 1279 931 1323 nos?
949 1293 1084 1323 nonne
1102 1280 1144 1322 in
1162 1280 1241 1322 hoc
1260 1280 1370 1335 quod
1388 1279 1514 1322 tertio
1531 1279 1620 1321 loco
1637 1279 1785 1334 posui?
1818 1293 1860 1322 15

219 1347 278 1388 ibi
299 1346 408 1388 enim
431 1351 539 1388 certe
560 1359 692 1401 neque
712 1346 844 1388 ullum
865 1358 1010 1387 sexum
1029 1358 1162 1401 neque
1184 1344 1312 1388 ullam
1333 1357 1454 1387 sexus
1477 1345 1791 1387 similitudinem

218 1412 410 1465 gerimus.

323 1478 386 1519 32.
416 1477 523 1519 Nam
546 1476 617 1519 illa
640 1475 893 1519 masculinae
915 1475 982 1518 uel
1004 1475 1228 1518 femininae
1251 1476 1416 1518 animae
1438 1474 1573 1518 forma
1594 1474 1790 1517 membris

218 1542 405 1584 uirilibus
435 1542 784 1596 muliebribusque
813 1541 1027 1593 distincta,
1059 1541 1093 1583 si
1121 1555 1204 1583 non
1235 1541 1415 1596 corporis
1446 1540 1689 1592 similitudo,
1719 1540 1790 1582 sed

220 1620 367 1662 corpus
397 1612 474 1658 est,
504 1607 606 1649 uelis
635 1607 739 1648 nolis
769 1611 833 1648 est
861 1606 1080 1658 masculus,
1109 1606 1212 1648 uelis
1241 1606 1344 1648 nolis
1375 1610 1439 1648 est
1467 1605 1635 1657 femina,
1665 1619 1790 1661 quae-
1818 1619 1862 1649 20

219 1686 396 1727 cumque
418 1677 494 1714 aut
516 1672 722 1714 masculus
745 1676 921 1727 apparet
941 1675 1017 1713 aut
1039 1671 1207 1714 femina.
1246 1672 1317 1713 sed
1340 1675 1482 1713 tamen
1505 1671 1540 1728 si
1562 1670 1789 1713 secundum

219 1743 338 1780 tuam
360 1738 596 1792 opinionem
620 1742 663 1779 et
686 1750 833 1791 corpus
857 1742 921 1778 est
943 1736 1083 1779 anima
1106 1741 1149 1779 et
1171 1736 1315 1778 uiuum
1339 1749 1485 1791 corpus
1509 1741 1572 1777 est
1596 1739 1638 1778 et
1659 1735 1790 1779 habet

220 1817 425 1845 mammas
445 1803 706 1858 protumidas
729 1808 771 1845 et
790 1801 1065 1857 propendulas
1087 1806 1131 1844 et
1150 1814 1231 1843 non
1252 1801 1383 1844 habet
1403 1801 1577 1844 barbam
1600 1806 1643 1843 et
1661 1800 1791 1843 habet

218 1869 391 1911 uuluam
428 1873 472 1911 et
502 1867 713 1924 genitalia,
751 1881 858 1922 quae
891 1867 1050 1909 habent
1085 1866 1264 1909 feminae
1300 1867 1480 1921 corporis
1515 1866 1712 1918 membra,
1750 1870 1793 1908 et

218 1948 301 1976 non
321 1938 384 1976 est
401 1933 569 1985 femina,
589 1947 715 1989 egone
732 1946 815 1975 non
832 1932 968 1974 dicam
985 1945 1083 1974 uera
1101 1932 1381 1974 constantius:
1406 1935 1461 1973 ‘et
1476 1931 1607 1974 habet
1624 1931 1790 1974 oculum
1817 1944 1860 1974 25

221 2003 263 2041 et
281 1999 411 2042 habet
434 1998 621 2053 linguam
639 2004 681 2041 et
702 1998 833 2040 habet
855 1998 1035 2052 digitum
1059 2002 1102 2039 et
1122 1997 1254 2040 habet
1277 2002 1414 2040 cetera
1437 1996 1588 2039 similia
1611 1996 1790 2052 corporis

221 2064 407 2106 membra
425 2069 468 2106 et
484 2065 587 2107 haec
607 2069 699 2106 tota
723 2068 787 2105 est
810 2063 991 2118 corporis
1016 2062 1260 2114 similitudo,
1285 2076 1367 2104 non
1392 2065 1568 2117 corpus‘,
1593 2075 1688 2105 cum
1712 2062 1791 2104 hoc

322 2176 364 2209 14
381 2174 424 2209 cf.
444 2173 514 2209 Col.
530 2175 561 2215 3,
583 2175 623 2208 10

323 2252 339 2285 1
358 2250 458 2296 plene
470 2252 503 2286 A
518 2250 621 2296 plena
633 2251 661 2285 C
714 2249 984 2285 similitudinem
1001 2249 1155 2294 eorporis
1165 2249 1201 2284 H
1258 2248 1580 2284 3n0uimus-uero
1590 2247 1629 2282 in
1637 2259 1702 2294 mq.
1714 2246 1793 2283 m21

220 2310 377 2358 cogimus
395 2311 430 2346 A
520 2313 540 2346 4
566 2310 673 2345 faciet
683 2311 728 2353 A,
747 2311 833 2346 deest
841 2309 910 2346 inl
919 2309 976 2354 sol.
988 2309 1092 2346 reciso
1181 2308 1202 2343 5
1226 2307 1344 2344 illudb
1433 2308 1452 2343 7
1477 2307 1515 2343 in
1531 2307 1633 2343 orn.A
1721 2317 1792 2353 qua

220 2380 365 2416 corpora
384 2370 421 2405 H
507 2370 528 2405 8
554 2369 713 2406 sentibus
733 2370 767 2405 A
846 2368 942 2415 quod
960 2369 1030 2404 ΕΗ
1054 2379 1122 2415 que
1146 2369 1177 2404 T
1255 2369 1299 2404 10
1314 2378 1385 2403 non
1410 2365 1527 2413 aliter]
1550 2365 1740 2402 manalioer
1757 2366 1793 2401 A

221 2431 260 2465 11
278 2428 548 2466 similitudinem
560 2430 597 2464 H
671 2429 714 2464 12
729 2428 1026 2464 similitudinibus
1037 2427 1079 2463 bd
1153 2428 1197 2464 14
1212 2426 1469 2464 renouamurH
1542 2437 1584 2462 ac
1595 2424 1602 2468 Ι
1613 2424 1794 2462 uitioneA

220 2489 437 2536 agnitionem
449 2490 538 2525 ETd
610 2488 650 2524 15
668 2488 773 2524 tertio
789 2489 839 2524 ibi
855 2488 930 2524 loco
942 2488 979 2523 H
1045 2487 1125 2533 loqo
1137 2487 1170 2523 A
1231 2486 1274 2522 16
1289 2486 1372 2522 enin
1382 2486 1417 2522 A
1431 2485 1507 2521 nim
1517 2485 1609 2522 Hm1
1668 2472 1794 2532 ¹[ullaA

219 2549 416 2585 similitune
435 2550 467 2584 A
558 2549 600 2584 18
619 2547 674 2584 ille
695 2548 784 2583 Dm]
876 2547 932 2583 uel
955 2558 981 2583 s.
1010 2558 1093 2584 eras.
1119 2549 1157 2582 et
1175 2545 1269 2582 Hmz
1367 2544 1516 2591 feminee
1530 2545 1562 2581 T
1584 2545 1639 2591 (ee
1651 2544 1694 2580 in
1708 2545 1793 2590 ras.)

221 2609 264 2644 19
279 2608 416 2644 uiribus
429 2608 460 2642 B
503 2607 778 2654 mulieribusque
789 2606 980 2643 ABOHmz
1027 2606 1195 2643 distincta
1205 2607 1238 2642 A
1284 2606 1324 2640 21
1337 2605 1366 2641 si
1382 2604 1589 2642 om.B01To
1633 2603 1676 2639 22
1691 2613 1791 2640 suam

221 2666 342 2704 ABCI
412 2668 529 2714 anime
541 2667 577 2703 H
631 2667 807 2703 uiuuntH
867 2668 911 2703 23
925 2669 1004 2703 ante
1018 2676 1194 2701 mammas
1210 2676 1291 2702 eras.
1309 2655 1407 2700 maffi
1416 2665 1451 2700 A
1509 2662 1748 2714 propenduras
1758 2663 1792 2698 A

221 2728 285 2772 sin.
304 2727 355 2774 et]
371 2727 474 2764 sedE
546 2727 656 2763 habet
666 2727 694 2763 G
709 2727 761 2772 (et
775 2737 801 2763 ε.
821 2736 896 2771 eoep.
914 2725 960 2772 is)
1018 2726 1063 2762 24
1078 2725 1231 2762 feminae
1247 2723 1348 2760 om.D
1398 2723 1442 2760 25
1457 2733 1582 2770 ergone
1596 2721 1676 2759 Bab
1718 2732 1791 2758 non

221 2788 320 2823 om.E
358 2791 396 2823 et
410 2787 608 2832 posthabet
623 2798 702 2832 pon.
714 2786 747 2822 E
790 2785 834 2822 26
850 2788 887 2822 et
902 2786 966 2831 jin.
985 2796 1048 2821 om.
1061 2785 1093 2820 Ε
1136 2783 1268 2822 similia
1284 2783 1384 2820 cmi?
1426 2782 1586 2819 membra
1601 2781 1794 2827 eorporisc

221 2848 263 2882 27
280 2849 360 2882 ante
371 2845 567 2883 similitudo
584 2857 660 2892 exp.
676 2846 714 2882 in
729 2846 888 2882 membra
898 2845 935 2881 H
993 2842 1227 2880 similitudine
1240 2843 1320 2890 (ont.
1336 2843 1423 2888 non)
1433 2842 1469 2878 A
