2028 3204
277 172 357 214 354
714 183 772 218 IV.
805 182 859 219 De
888 185 1016 219 natura
1048 187 1084 219 et
1113 180 1246 228 origiue
1277 182 1413 218 animae

275 307 413 350 eulum
451 321 588 349 meum
627 321 720 349 eum
755 308 865 362 apud
895 312 937 349 te
966 307 1202 358 inuenisset,
1232 307 1366 350 inrisit
1394 320 1517 363 seque
1545 308 1622 350 illis
1651 308 1843 352 cautibus

275 373 519 415 animosiore
540 373 697 427 impetu
719 386 843 428 quam
873 372 1119 415 consultiore
1139 373 1357 415 commisit.
1389 373 1458 415 sed
1479 386 1560 428 quo
1581 386 1673 416 eum
1693 373 1842 428 praefi-

275 439 417 480 dentia
441 438 522 480 ista
548 438 798 493 perduxerit,
825 443 928 493 puto
953 439 1063 493 quod
1090 451 1198 480 nune
1223 438 1383 489 uideas;
1410 438 1574 481 uberius
1599 444 1738 481 autem
1764 453 1840 494 ago

275 504 350 545 deo
369 503 538 557 gratias,
559 504 590 544 si
611 509 651 545 et
672 509 797 545 antea
814 504 896 546 iam
916 503 1097 546 uidebas.
1134 517 1228 545 eum
1247 503 1356 545 enim
1375 503 1501 545 nollet
1520 497 1708 546 cohibere
1726 517 1841 559 prae-

275 569 442 623 eipitem
474 582 637 611 cursum
668 573 837 623 propter
865 569 1087 623 ancipitem
1118 582 1348 620 excursum,
1379 569 1651 611 miserabilem
1682 570 1839 612 inuenit
1865 582 1885 611 5

279 635 485 676 incursum
515 647 696 676 asserens
723 635 846 676 deum
873 634 1054 689 paruulis
1081 634 1167 675 sine
1194 634 1417 676 christiana
1443 635 1747 689 regeneratione
1773 635 1841 677 de-

277 699 430 741 functis
462 706 503 741 et
535 700 658 741 modo
690 700 926 754 paradisum
959 705 1000 741 et
1032 704 1175 754 postea
1207 713 1375 751 regnum
1409 699 1591 741 conferre
1621 699 1838 742 caelorum.

384 776 497 818 XIV.
540 777 600 818 19.
643 776 949 831 Scripturarum
978 789 1073 818 uero
1111 776 1349 819 testimonia
1377 789 1661 832 quaecumque
1688 777 1838 832 posuit,

276 841 425 896 quibus
449 842 607 884 animas
631 843 753 884 deum
779 855 859 883 non
885 855 933 883 ex
959 841 1063 883 illius
1088 841 1244 896 primae
1268 842 1491 896 propagine
1516 842 1745 892 adtrahere,
1769 843 1839 884 sed

274 907 379 948 sieut
400 907 532 962 ipsam
552 907 728 962 primam
747 920 842 949 suas
864 907 1094 962 quibusque
1113 906 1282 958 singulis
1301 907 1514 949 insufflare
1534 907 1646 949 uelut
1667 907 1840 962 probare
1870 918 1910 947 ιο

278 977 449 1014 conatus
470 978 544 1021 est,
573 973 633 1014 ita
661 977 770 1023 sunt,
801 973 910 1027 quod
940 973 991 1014 ad
1020 972 1143 1014 istam
1168 972 1451 1027 quaestionem
1480 972 1654 1022 adtinet,
1684 973 1840 1015 ineerta

275 1043 315 1078 et
339 1037 545 1090 ambigua,
571 1043 617 1080 ut
641 1037 766 1079 etiam
790 1037 909 1079 aliter
930 1037 1058 1092 accipi
1083 1051 1207 1092 quam
1231 1038 1316 1092 ipse
1340 1037 1429 1080 uult
1453 1037 1645 1080 facillime
1668 1038 1837 1092 possint.

276 1103 386 1156 quod
410 1103 491 1144 iam
515 1103 555 1144 in
578 1116 624 1144 eo
648 1102 764 1153 libro,
789 1116 911 1157 quem
932 1102 1074 1157 scripsi
1097 1103 1147 1144 ad
1171 1103 1349 1144 amioum
1372 1107 1572 1153 nostrum,
1597 1102 1709 1145 euius
1733 1116 1841 1145 eom-

276 1168 617 1209 memorationem
639 1168 825 1222 superius
846 1167 935 1218 feei,
958 1168 1071 1217 satis,
1094 1173 1297 1222 quantum
1320 1168 1523 1218 existimo,
1545 1169 1836 1210 demonstraui.

275 1233 512 1274 testimonia
540 1233 691 1288 quippe
717 1233 807 1287 ipsa
833 1246 938 1287 quae
965 1233 1168 1283 adhibuit,
1197 1233 1266 1274 ubi
1293 1233 1441 1286 legitur
1466 1234 1565 1275 deus
1592 1233 1749 1275 animas
1776 1233 1839 1275 uel
1872 1244 1910 1274 ¹5

275 1299 371 1340 dare
394 1298 458 1340 uel
479 1298 611 1340 faeere
633 1298 697 1340 uel
720 1298 885 1353 fingere,
909 1298 1017 1340 unde
1037 1297 1126 1339 illas
1148 1299 1218 1340 det
1240 1298 1304 1340 uel
1326 1299 1434 1340 unde
1456 1298 1581 1340 faeiat
1603 1298 1687 1340 siue
1709 1298 1840 1353 fingat

276 1377 355 1405 uon
390 1364 633 1405 ostendunt:
667 1369 807 1405 utrum
840 1377 890 1404 ex
921 1363 1145 1418 propagine
1177 1363 1283 1405 illius
1315 1363 1472 1418 primae
1504 1377 1555 1405 an
1587 1363 1839 1406 insufflando

274 1429 379 1471 sieut
411 1429 521 1471 illam
554 1429 742 1483 primam.
792 1429 868 1470 iste
899 1434 1039 1471 autem
1071 1442 1120 1470 ex
1151 1442 1197 1470 eo
1228 1429 1329 1483 ipso,
1363 1429 1472 1484 quod
1505 1429 1653 1483 legitur
1681 1429 1839 1471 animas

274 1494 373 1535 deus
404 1495 500 1536 dare
529 1494 615 1536 siue
645 1494 777 1536 faeere
807 1494 892 1536 siue
922 1494 1088 1549 fingere,
1119 1494 1201 1536 iam
1231 1499 1354 1548 putat
1385 1494 1617 1536 animarum
1648 1498 1839 1548 negatam

274 1572 359 1600 esse
391 1559 672 1614 propaginem,
706 1573 800 1601 eum
832 1560 932 1601 deus
965 1560 1107 1601 eadem
1139 1559 1343 1614 scriptura
1374 1564 1480 1601 teste
1513 1559 1638 1601 etiam
1670 1572 1840 1614 corpora
1866 1570 1910 1600 20

273 1624 344 1666 det
367 1625 451 1666 siue
474 1625 599 1666 faeiat
623 1625 707 1667 siue
731 1625 875 1679 fingat,
901 1638 1005 1679 quae
1027 1629 1167 1667 tamen
1191 1624 1243 1666 ab
1267 1623 1333 1666 illo
1357 1638 1406 1666 ex
1428 1625 1651 1679 propagine
1673 1625 1838 1666 seminis

273 1690 374 1740 dari,
407 1689 507 1741 fieri,
539 1690 638 1744 fingi
669 1703 787 1732 nemo
818 1689 1003 1744 ambigit.

379 1768 439 1809 20.
490 1767 594 1808 Item
634 1768 743 1822 quod
779 1767 978 1822 seriptum
1014 1772 1074 1809 est
1107 1780 1157 1808 ex
1192 1781 1272 1809 uno
1313 1766 1512 1821 sanguine
1544 1767 1666 1808 deum
1700 1767 1839 1808 fecisse

274 1844 394 1873 omne
435 1845 564 1887 genus
607 1832 821 1875 hominum
870 1832 934 1874 uel
987 1833 1096 1887 quod
1148 1832 1206 1874 ait
1252 1832 1404 1874 Adam:
1455 1831 1561 1873 hoe
1593 1844 1746 1874 nune
1781 1844 1838 1873 os

273 1910 337 1938 ex
372 1897 618 1940 ossibus
650 1898 795 1940 meis
829 1902 885 1939 et
917 1910 1055 1940 earo
1087 1897 1152 1939 de
1197 1909 1378 1940 earne
1416 1910 1550 1946 mea,
1580 1897 1678 1952 quia
1705 1910 1836 1952 neque
1864 1909 1907 1938 25

274 1962 328 2004 ibi
350 1963 507 2005 dietum
527 1968 588 2005 est
609 1964 669 2005 ‘ex
690 1977 771 2005 una
788 1963 940 2005 anima‘
958 1976 1090 2018 neque
1106 1962 1172 2004 hie
1192 1962 1343 2005 ‘anima
1359 1963 1410 2004 de
1427 1962 1565 2005 anima
1585 1963 1703 2012 mea‘,
1716 1967 1838 2017 putat

274 2028 410 2082 negari
444 2029 602 2070 animas
634 2028 813 2070 filiorum
846 2043 897 2070 ex
928 2028 1170 2082 parentibus
1202 2027 1267 2070 uel
1298 2027 1404 2070 illius
1437 2027 1616 2070 mulieris
1648 2041 1698 2069 ex
1731 2027 1836 2075 uiro;

272 2094 389 2147 quasi
417 2107 524 2143 uero,
548 2094 579 2135 si
605 2108 685 2135 non
715 2095 777 2135 ‘ex
802 2107 883 2136 une
903 2094 1128 2147 sanguine‘‚
1153 2094 1222 2135 sed
1244 2094 1308 2135 ‘ex
1326 2107 1409 2135 una
1435 2093 1587 2135 anima‘
1621 2093 1836 2141 diceretur,

273 2157 383 2200 aliud
427 2172 552 2212 quam
595 2164 708 2201 totus
751 2159 873 2200 homo
915 2159 1218 2214 intellegeretur
1259 2171 1332 2200 nee
1373 2158 1552 2213 corporis
1593 2157 1836 2212 propagatio

273 2230 500 2277 negaretur.
535 2224 590 2265 sie
621 2224 747 2266 etiam
778 2224 809 2265 si
841 2224 999 2266 dietum
1030 2229 1154 2266 esset:
1188 2223 1339 2266 ‘anima
1368 2224 1420 2265 de
1438 2223 1578 2266 anima
1606 2223 1726 2273 mea,‘
1753 2235 1833 2264 non
1865 2233 1908 2263 30

360 2376 401 2411 14
419 2375 462 2411 ef.
479 2386 557 2422 pag.
572 2377 648 2418 317,
669 2377 822 2412 11--325
914 2376 955 2411 15
972 2376 1016 2411 ef.
1036 2375 1128 2411 Esai.
1146 2378 1203 2417 42,
1217 2377 1248 2411 5.
1269 2376 1325 2417 57,
1346 2375 1398 2411 16.
1414 2376 1522 2412 Zach.
1540 2376 1594 2417 12,
1614 2376 1630 2410 1
1728 2375 1772 2411 23
1786 2376 1830 2410 ef.

276 2435 354 2471 Act.
371 2436 424 2477 17,
440 2435 495 2477 26;
519 2436 562 2471 cf.
581 2446 659 2482 pag.
673 2435 750 2478 320,
771 2436 812 2470 12
833 2446 908 2482 sqq.
988 2437 1030 2471 24
1047 2436 1133 2472 Gen.
1153 2437 1184 2477 2,
1198 2436 1242 2471 23

361 2550 378 2584 1
397 2547 520 2594 seque]
533 2547 646 2593 deque
658 2548 688 2582 A
705 2557 834 2593 sequae
847 2547 875 2582 C
954 2549 974 2583 2
989 2547 1214 2592 prouidentia
1226 2548 1257 2583 E
1338 2550 1359 2583 4
1374 2551 1460 2583 ante
1471 2547 1503 2582 E·
1587 2545 1787 2582 cohiberem
1799 2547 1830 2581 A

273 2607 294 2642 5
307 2607 384 2643 anti
396 2607 502 2653 cipite
515 2607 672 2643 ABCFG'
747 2607 768 2643 9
792 2606 941 2653 animas]
961 2607 1118 2643 amicisG
1201 2608 1244 2643 12
1259 2606 1348 2653 ipse]
1364 2609 1408 2642 ut
1428 2606 1459 2641 Ε
1523 2607 1566 2643 14
1584 2605 1757 2641 exostimo
1769 2604 1833 2640 Ac

275 2668 317 2703 15
332 2666 580 2703 athibuitsz
639 2666 681 2702 16
696 2665 762 2702 dat
775 2664 806 2699 F
859 2665 987 2702 facite*
1042 2665 1147 2712 fingit
1157 2664 1245 2701 Fm2
1308 2665 1350 2702 18
1364 2664 1464 2701 inam
1481 2665 1574 2701 siout
1584 2665 1615 2700 E
1675 2665 1719 2701 19
1729 2655 1790 2699 ᾱῖι
1802 2665 1834 2700 Ε

275 2727 314 2762 21
331 2726 438 2762 faciet
448 2727 565 2762 ΛΟΜ]
658 2725 858 2773 propaginis
869 2724 1000 2761 semine
1009 2725 1101 2761 codd.
1185 2726 1227 2761 22
1246 2724 1404 2771 ambiget
1418 2725 1448 2760 Ε
1527 2725 1572 2760 24
1587 2723 1693 2760 adam
1712 2723 1765 2759 ait
1778 2723 1834 2759 Ab

274 2787 316 2821 26
329 2789 384 2822 est
395 2786 532 2821 dictum
544 2787 575 2821 E
659 2787 764 2832 putat
775 2786 805 2821 E
906 2785 948 2820 29
963 2784 1058 2820 aliud
1068 2784 1125 2820 m?
1142 2795 1168 2820 s.
1185 2794 1263 2830 exp.
1284 2783 1370 2820 illud
1383 2783 1411 2819 C
1487 2783 1532 2820 30
1545 2792 1588 2819 ne
1603 2786 1792 2831 negaretur
1802 2782 1832 2817 G
