2028 3204
196 527 251 591 ΙΙ.
298 523 607 606 lNDEX
662 524 1130 591 NOMINVM
1187 525 1296 589 ΕΤ
1340 526 1672 590 RERVM

508 655 925 707 voLvMINVM
958 654 1112 706 XLII
1151 655 1239 706 ET
1278 655 1388 707 LX.

152 782 281 823 Aaron,
313 791 334 815 a
365 791 436 826 quo
466 780 533 815 iste
564 780 650 814 ordo
682 780 906 815 sacerdotum

196 851 340 875 exorsus
364 845 419 875 est
445 840 459 874 Ι
485 841 540 882 91,
567 841 622 877 10.

150 900 244 935 abba
273 904 385 946 pater,
416 910 565 946 quarum
596 899 746 934 duarum
777 910 906 934 uocum

196 971 266 995 una
288 965 343 995 est
364 971 408 995 ex
430 959 707 1001 circumcisione,
730 959 843 994 altera
864 970 907 994 ex

197 1019 382 1066 praeputio
410 1019 425 1054 I
450 1021 527 1061 213,
555 1021 612 1059 14:
637 1021 680 1063 cs.
709 1019 723 1054 Ι
747 1020 826 1061 392,
852 1020 906 1056 24.

196 1081 249 1115 25.
274 1081 352 1119 393,
380 1081 410 1115 1.
437 1081 468 1115 2.
495 1081 572 1121 213,
599 1081 650 1114 11.

150 1139 253 1174 Abel:
284 1139 321 1173 in
352 1150 423 1185 quo
453 1150 524 1174 uno
555 1138 718 1173 similiter
748 1138 908 1173 homines

194 1199 437 1234 iustificantur
456 1199 470 1233 I
490 1200 542 1240 19,
559 1200 591 1234 3.
623 1203 733 1244 caput
747 1198 906 1233 omnium

195 1259 369 1294 iustorum
400 1258 483 1305 poni
512 1259 667 1294 debebat
698 1258 713 1293 I
744 1259 821 1300 238,
852 1259 905 1294 25.

194 1319 327 1353 iustum
354 1318 498 1353 omnino
524 1329 718 1364 numquam
746 1329 907 1364 peccasse

200 1378 232 1413 ll
249 1379 303 1419 75,
319 1380 373 1421 26,
388 1380 431 1422 cl.
448 1380 502 1419 76,
516 1380 548 1414 3.
566 1378 579 1413 l
597 1379 673 1419 263,
691 1379 742 1413 16.
759 1379 836 1420 265,
852 1379 905 1414 13.

198 1439 248 1473 17.
274 1439 351 1479 266,
374 1440 405 1474 9.
430 1439 507 1478 267,
530 1440 561 1473 3.
585 1439 663 1480 516,
687 1439 739 1473 27.

149 1498 353 1533 Abimelech
395 1498 534 1533 Sarram
573 1498 610 1532 in
648 1498 765 1533 noctis
802 1509 905 1533 usum

193 1558 384 1593 adduxisse
416 1558 566 1593 refertur
601 1557 635 1592 ΙΙ
668 1559 745 1600 280,
778 1559 906 1599 9-19;

195 1619 238 1661 cl.
265 1619 342 1659 283,
368 1619 421 1653 24.
448 1619 525 1659 284,
553 1619 605 1653 16.

148 1677 345 1713 Abraham:
362 1677 399 1712 in
415 1688 456 1712 eo
472 1677 625 1713 dicimur
640 1677 801 1713 benedici
819 1677 834 1712 I
853 1678 907 1720 12,

194 1738 247 1772 24.
279 1749 342 1772 cur
356 1738 393 1772 in
410 1738 485 1773 eius
502 1737 632 1772 lumbis
647 1737 733 1773 Leui
750 1737 909 1783 potuerit

192 1797 360 1833 decimari
375 1797 390 1832 I
406 1800 481 1840 111,
497 1798 549 1833 15.
577 1809 639 1833 cur
649 1797 725 1832 eius
737 1797 908 1833 iiliideci-

193 1857 283 1892 mari
316 1858 503 1903 potuerint
540 1858 554 1892 l
592 1860 667 1899 111,
703 1858 756 1893 21.
805 1860 908 1903 pater

193 1916 386 1952 multarum
405 1917 565 1963 gentium
584 1917 723 1964 positus
744 1917 759 1952 I
777 1918 855 1958 404,
874 1919 906 1952 4.

197 1975 231 2011 ΙΙ
267 1977 344 2019 277,
376 1978 408 2012 6.
443 1977 475 2011 ei
508 1977 688 2012 declarata
721 1976 907 2022 promissio

197 2035 210 2070 1
241 2036 319 2078 494,
350 2037 403 2072 23.
450 2036 590 2071 Sarram
620 2047 775 2071 sororem
806 2046 906 2071 suam

194 2095 287 2130 dixit
325 2095 359 2130 11
396 2097 473 2139 280,
510 2097 541 2131 8.
592 2096 772 2131 Christum
809 2106 908 2142 prae-

194 2165 341 2190 noscens
371 2155 407 2190 II
435 2156 491 2198 45,
522 2157 574 2191 16.
617 2155 749 2191 Christi
776 2159 908 2190 morta·

194 2215 333 2250 litatem
362 2226 594 2261 praenoscens
623 2215 658 2250 ΙΙ
688 2216 764 2258 192,
791 2216 823 2250 5.
852 2216 906 2251 16.

194 2274 358 2310 Abrahae
378 2279 416 2311 et
438 2276 561 2311 Sarrae
581 2275 779 2310 marcentia
798 2285 907 2310 mem-

194 2334 258 2369 bra
298 2335 386 2370 deus
426 2335 611 2381 ucgetauit
654 2335 689 2370 II
732 2336 809 2376 287,
851 2335 905 2370 24.

194 2394 495 2440 quemadmodum
520 2395 621 2430 diues
644 2394 702 2430 ille
726 2394 906 2430 Abraham

195 2454 403 2500 cognouerit
440 2453 456 2489 1
492 2455 571 2497 409,
608 2456 662 2490 21.
713 2454 907 2496 Abraham,

197 2513 295 2548 Isaac
328 2518 366 2550 et
401 2513 507 2549 Iacob
540 2513 636 2549 filios
668 2514 802 2549 diaboli
835 2524 907 2549 non

193 2573 301 2609 fuisse
321 2573 335 2608 1
353 2573 431 2616 488,
451 2575 504 2610 17.
534 2574 578 2609 de
596 2577 748 2609 uenturo
766 2573 907 2609 christo

192 2633 310 2669 dictae
327 2633 360 2669 ei
372 2633 623 2680 promissiones
638 2633 744 2675 1498,
768 2636 806 2675 13
827 2634 872 2677 cl.
891 2632 907 2668 1

196 2693 272 2735 192,
290 2694 435 2736 17.193,
449 2694 503 2730 23.
519 2694 668 2735 200,17.
682 2694 736 2729 20.
755 2693 834 2736 260,
851 2693 906 2729 21.

195 2752 273 2795 263,
299 2753 353 2789 17.
378 2754 457 2796 341,
482 2754 537 2789 20.
562 2754 641 2795 488,
667 2754 721 2788 17.
746 2753 826 2795 494,
852 2753 906 2789 12.

197 2812 249 2847 19.
276 2812 332 2848 25.
357 2812 437 2855 499,
459 2813 494 2848 2.
519 2812 600 2855 500,
626 2814 657 2848 1.
685 2811 722 2847 11
748 2813 825 2855 191,
851 2813 906 2849 27.

195 2871 273 2914 192,
292 2872 346 2908 19.
365 2872 420 2908 21.
438 2872 493 2908 23.
512 2872 590 2915 194,
606 2872 640 2908 5.
658 2873 737 2915 221,
755 2872 810 2908 12.
829 2871 907 2915 275,

1028 780 1080 814 13.
1100 780 1178 821 278,
1199 780 1251 815 13.
1271 780 1349 821 280,
1370 781 1421 815 17.
1444 782 1495 815 18.
1515 782 1570 816 21.
1589 781 1667 823 284,
1687 781 1740 816 19.

980 838 1141 885 acceptio
1160 850 1388 885 personarum
1409 840 1470 875 ubi
1489 844 1582 875 recte
1600 840 1742 875 dicatur

1028 898 1043 933 I
1068 900 1148 942 473,
1174 900 1320 941 9—478‚
1346 900 1401 935 26.

980 958 1076 994 actio
1104 958 1139 994 ΙΙ
1166 959 1242 1001 128,
1269 960 1300 994 2.
1328 960 1404 1002 129,
1429 960 1542 1005 3sqq.

979 1018 1122 1054 aculeus
1148 1019 1274 1055 mortis
1300 1019 1386 1066 quid
1413 1019 1589 1065 significet
1621 1019 1636 1054 I
1666 1020 1741 1062 146,

1028 1080 1080 1114 18.
1109 1079 1162 1114 21.

980 1138 1112 1173 Adam:
1143 1139 1257 1174 Adam
1288 1138 1402 1174 forma
1431 1139 1544 1174 futuri
1573 1139 1660 1185 quid
1689 1139 1742 1173 in-

1026 1198 1215 1243 tellegatur
1245 1198 1259 1233 I
1290 1199 1365 1240 135,
1395 1201 1425 1234 1.
1468 1199 1582 1234 Adam
1612 1199 1743 1234 nullius

1025 1258 1185 1304 parentis
1219 1259 1451 1304 praecedente
1487 1264 1634 1305 peccato
1669 1269 1742 1294 non

1025 1321 1080 1353 est
1096 1322 1236 1353 creatus
1251 1318 1288 1353 in
1305 1330 1408 1354 carne
1424 1319 1564 1364 peccati
1583 1319 1597 1353 I
1613 1319 1669 1361 68,
1686 1319 1741 1354 22.

1026 1378 1141 1413 Adam
1167 1382 1204 1413 et
1229 1378 1317 1414 Abel
1343 1379 1516 1414 constitui
1541 1379 1743 1414 debuerunt

1028 1437 1043 1472 1
1067 1439 1120 1480 18,
1143 1439 1197 1473 28.
1231 1438 1394 1473 imitator
1415 1438 1548 1474 diaboli
1572 1438 1587 1473 I
1611 1440 1664 1482 17,
1687 1438 1741 1474 15.

1025 1498 1070 1533 ab
1103 1509 1143 1533 eo
1177 1502 1319 1533 tantum
1351 1498 1522 1544 originale
1554 1503 1742 1546 peccatum

1026 1558 1253 1593 traduximus
1283 1558 1298 1592 Ι
1329 1560 1382 1601 16,
1413 1560 1465 1594 17.
1507 1570 1551 1593 ex
1578 1569 1649 1594 uno
1678 1569 1742 1593 suo

1025 1617 1155 1653 delicto
1169 1629 1244 1653 reos
1255 1618 1379 1664 genuit
1393 1618 1408 1652 1
1423 1618 1476 1661 15,
1488 1620 1520 1654 6.
1535 1618 1743 1654 tabificauit

1024 1677 1062 1712 in
1078 1688 1114 1712 se
1129 1689 1251 1713 omnes
1267 1682 1438 1713 uenturos
1456 1678 1471 1713 1
1489 1681 1542 1721 11,
1557 1680 1613 1715 20.
1643 1678 1741 1713 Adae

1026 1740 1190 1773 uetustas
1218 1737 1232 1772 I
1260 1739 1335 1780 116,
1362 1738 1416 1773 25.
1455 1738 1530 1774 eius
1555 1742 1741 1785 peccatum

1025 1797 1134 1832 etiam
1153 1809 1223 1832 non
1241 1798 1472 1844 peccantibus
1488 1798 1614 1833 nocuit
1631 1797 1646 1832 I
1666 1800 1742 1840 141,

1028 1858 1081 1892 12.
1115 1858 1158 1892 de
1178 1857 1343 1904 paradiso
1363 1858 1530 1893 dimissus
1553 1858 1567 1892 I
1590 1859 1665 1900 124,
1686 1858 1741 1893 23.

1026 1917 1141 1952 Adam
1172 1917 1319 1963 primus,
1350 1918 1464 1952 Adam
1497 1918 1674 1953 secundus
1706 1916 1741 1952 11

1027 1977 1105 2018 289,
1135 1978 1167 2011 6.
1210 1977 1249 2011 in
1279 1988 1319 2012 eo
1350 1988 1472 2012 omnes
1502 1980 1743 2024 peccauerunt

1029 2035 1112 2078 119,
1127 2037 1180 2072 10.
1195 2038 1271 2079 141,
1286 2037 1338 2072 15.
1354 2048 1398 2072 ex
1409 2036 1534 2072 oleain
1546 2037 1739 2072 oleastrum

1027 2106 1217 2131 conuersus
1250 2095 1285 2131 II
1318 2097 1395 2139 248,
1428 2097 1482 2132 20.
1527 2096 1742 2132 animalibus

1025 2156 1172 2191 nomina
1187 2156 1331 2202 inponit
1352 2156 1387 2191 11
1406 2157 1484 2199 217,
1505 2157 1558 2192 22.
1592 2156 1742 2192 carnalis

1026 2215 1208 2262 generatio
1234 2216 1303 2251 nisi
1329 2227 1390 2262 per
1416 2217 1530 2252 Adam
1560 2216 1576 2252 Ι
1604 2218 1658 2258 19,
1688 2215 1741 2251 15.

1025 2276 1190 2322 peccauit
1204 2287 1275 2311 non
1291 2276 1483 2312 oboediens
1497 2277 1563 2312 deo
1582 2276 1597 2311 I
1614 2277 1669 2318 20,
1686 2276 1741 2311 25.

1026 2335 1141 2370 Adam
1170 2340 1207 2371 et
1237 2336 1314 2371 Eua
1342 2340 1432 2382 quot
1458 2336 1555 2371 filios
1583 2341 1620 2371 et
1647 2335 1742 2371 filias

1026 2395 1226 2431 creauerint
1243 2396 1420 2442 scriptura
1437 2406 1510 2431 non
1528 2395 1744 2431 memorauit

1027 2454 1043 2489 I
1069 2455 1147 2498 266,
1174 2457 1204 2491 1.

979 2514 1128 2560 adoptio
1146 2514 1251 2561 plena
1267 2514 1423 2551 filiorum
1441 2514 1479 2549 in
1498 2514 1741 2560 redemptione

1024 2573 1092 2610 fiet
1112 2574 1223 2610 etiam
1246 2574 1403 2620 corporis
1424 2574 1538 2610 nostri
1562 2574 1578 2609 I
1601 2575 1656 2615 81,
1682 2573 1741 2614 15:

1025 2634 1070 2678 cl.
1094 2635 1150 2676 40,
1176 2635 1208 2670 9.
1233 2635 1289 2677 82,
1316 2635 1358 2670 12
1382 2637 1440 2669 cet.

979 2693 1236 2729 adulescentuli
1283 2694 1436 2740 figuram
1485 2693 1571 2728 noui
1618 2692 1743 2739 populi

1025 2753 1286 2799 praemiserunt
1312 2753 1328 2788 1
1354 2754 1431 2795 126,
1455 2753 1489 2788 5.

980 2812 1182 2859 Aegyptus:
1242 2813 1394 2859 populus
1461 2811 1595 2848 Israhel
1653 2811 1739 2848 inde

1024 2871 1198 2909 liberatus
1223 2872 1239 2907 1
1266 2873 1343 2915 194,
1367 2872 1400 2907 5.
1427 2872 1504 2915 195,
1530 2873 1584 2908 17.

1580 2938 1648 2974 38*
