1976 3210
821 250 898 285 cap.
935 238 985 281 19,
1016 240 1161 282 34—21,
1192 239 1235 274 36
1743 230 1818 270 189

234 368 274 409 in
305 380 352 409 eo
382 366 470 408 loco
500 365 737 421 apostolum
768 364 946 407 uoluisse
974 379 1298 408 commemorare
1328 371 1629 407 testamentum
1661 379 1816 407 nouum

234 459 286 463 —-
328 433 385 475 ibi
430 431 585 488 quippe
630 431 709 474 ait:
756 431 856 487 qui
902 435 957 472 et
1003 431 1259 473 idoneos
1305 444 1406 472 nos
1453 431 1609 473 fecit
1656 431 1818 473 mini-

233 506 399 540 stros
449 497 591 540 noui
629 502 649 539 t
677 497 1016 539 estamenti
1068 511 1178 539 non
1229 497 1507 548 litterae,
1558 497 1658 538 sed
1707 497 1818 552 spi—

235 565 396 607 ritus
425 589 488 614 —‚
515 563 592 605 nisi
627 563 725 619 quia
760 563 884 605 istam
921 563 1167 606 intuebatur
1200 563 1478 618 prophetiam,
1514 576 1609 605 cum
1643 563 1817 605 diceret:

188 645 206 672 5
237 644 347 672 non
387 630 443 672 in
482 629 725 672 tabulis
765 629 1053 683 lapideis,
1094 630 1194 671 sed
1234 630 1289 671 in
1330 628 1571 671 tabulis
1610 628 1817 670 cordis

234 712 254 738 c
273 711 294 738 a
316 710 333 737 r
351 710 376 738 n
395 695 521 738 alib
541 710 564 738 u
583 709 614 743 S,
673 695 872 750 quoniam
930 695 995 736 hic
1052 695 1211 737 dictum
1270 700 1352 736 est:
1411 696 1464 736 in
1522 708 1584 737 co
1604 695 1694 737 rdi
1714 694 1738 736 b
1757 708 1818 736 us

234 777 296 804 eo
314 776 332 803 ι·
351 777 375 804 ιι
394 776 433 804 ιιι
478 760 685 803 scribo
729 774 840 811 eas,
886 760 957 802 ubi
999 761 1247 803 nominatim
1295 761 1542 818 promissum
1587 766 1648 802 est
1692 765 1819 802 testa-

235 834 424 870 mentum
455 841 624 870 nouum.

344 906 462 948 XXI.
497 906 560 948 36.
603 904 712 954 Quid
746 909 843 946 sunt
877 918 972 958 ergo
1006 903 1111 957 leges
1145 906 1210 947 dei
1244 905 1296 947 ab
1332 906 1420 960 ipso
1453 905 1530 946 deo
1563 904 1744 959 scriptae
1778 904 1816 945 in

168 984 206 1013 10
233 972 426 1014 cordibus
460 971 538 1012 nisi
572 971 661 1026 ipsa
695 970 931 1025 praesentia
963 971 1133 1026 spiritus
1168 972 1314 1022 sancti,
1350 971 1421 1026 qui
1455 976 1515 1011 est
1550 969 1706 1023 digitus
1740 970 1817 1013 dei.

235 1051 318 1093 quo
349 1043 565 1093 praesente
595 1036 851 1079 diffunditur
879 1037 1032 1079 caritas
1062 1038 1102 1079 in
1135 1038 1327 1079 cordibus
1359 1037 1523 1083 nostris,
1556 1050 1662 1091 quae
1693 1034 1819 1090 pleni-

235 1105 338 1146 tudo
362 1103 461 1158 legis
489 1110 550 1145 est
578 1108 619 1144 et
647 1102 743 1144 finis
765 1103 1007 1158 praecepti?
1036 1117 1132 1145 nam
1158 1104 1257 1159 quia
1284 1104 1436 1146 ueteris
1464 1101 1707 1144 testamenti
1728 1115 1819 1156 pro-

233 1170 362 1212 missa
386 1174 551 1212 terrena
588 1173 699 1214 sunt,
739 1168 836 1210 licet
874 1193 927 1198 —
964 1170 1150 1225 exceptis
1190 1170 1474 1217 sacramentis,
1515 1182 1621 1223 quae
1649 1167 1820 1209 umbrae

234 1241 354 1278 erant
376 1235 627 1285 futurorum,
652 1234 760 1277 sicut
784 1240 846 1276 est
869 1234 1128 1278 circumcisio
1153 1241 1192 1277 et
1217 1236 1441 1278 sabbatum
1466 1240 1506 1276 et
1531 1234 1635 1276 aliae
1659 1234 1817 1276 dicrum

167 1314 205 1343 15
235 1301 546 1344 obseruationes
592 1307 630 1343 et
678 1301 941 1355 quarundam
988 1315 1173 1344 escarum
1219 1301 1467 1344 cerimoniae
1512 1307 1551 1341 et
1599 1299 1818 1356 multiplex

234 1367 532 1409 sacrificiorum
562 1380 857 1422 sacrorumque
886 1366 1004 1418 ritus,
1036 1382 1142 1422 quae
1173 1368 1375 1410 uetustati
1406 1366 1560 1408 carnali
1592 1367 1676 1418 lege
1707 1368 1819 1421 iugo-

235 1447 315 1488 que
357 1433 494 1475 seruili
536 1433 819 1487 congruebant
863 1457 917 1461 —
956 1433 1056 1475 talia
1099 1434 1311 1475 contineat
1357 1438 1576 1489 praecepta
1620 1433 1817 1476 iustitiae.

235 1499 376 1554 qualia
405 1514 514 1542 nune
543 1512 709 1555 quoque
739 1500 957 1542 obseruare
988 1499 1277 1554 praecipimur,
1309 1513 1415 1554 quac
1444 1499 1626 1541 maxime.
1655 1499 1818 1541 duabus

233 1565 311 1606 illis
345 1565 500 1607 tabulis
533 1566 619 1608 sine
653 1566 786 1615 figura
820 1564 1096 1608 adumbratae
1129 1565 1447 1618 significationis
1481 1578 1673 1619 expressa
1706 1572 1817 1610 sunt,

166 1643 208 1672 20
236 1631 358 1673 sicut-i
420 1638 501 1673 est:
571 1645 681 1673 non
750 1631 1165 1678 adulterabis,
1235 1646 1345 1673 non
1414 1631 1816 1673 homicidium

237 1696 448 1747 facies,
496 1711 606 1739 non
654 1698 1066 1753 concupisces
1112 1704 1166 1739 ct
1213 1698 1260 1738 si
1306 1698 1462 1752 quod
1508 1702 1599 1738 est
1645 1696 1815 1738 aliud

236 1764 599 1814 mandatum,
663 1764 818 1818 quod
882 1764 937 1805 in
1007 1764 1111 1805 hoc
1174 1777 1448 1804 sermone
1510 1763 1817 1817 recapitu-

236 1828 423 1871 latur:
486 1829 717 1882 diliges
780 1829 1118 1884 proximum
1181 1835 1330 1871 tuum
1392 1834 1699 1883 tamquam
1763 1834 1817 1869 tc

237 1894 443 1950 ipsum,
471 1899 626 1945 tamen,
657 1895 756 1950 quia
784 1895 825 1936 in
851 1909 911 1945 eo,
944 1895 1049 1937 sicut
1081 1895 1182 1945 dixi,
1216 1895 1417 1949 promissa
1450 1900 1610 1936 terrena
1643 1900 1685 1935 et
1717 1900 1819 1935 tem·

166 1973 206 2002 εὖ
236 1960 394 2015 poralia
413 1961 655 2011 recitantur,
678 1974 785 2016 quae
808 1961 917 2003 bona
937 1967 1034 2003 sunt
1056 1961 1177 2003 huius
1199 1959 1481 2015 corruptibilis
1503 1960 1650 2005 carnis.
1674 1973 1819 2014 quam-

237 2026 298 2067 uis
326 2026 382 2067 eis
409 2027 661 2081 sempiterna
690 2032 818 2082 atque
845 2026 1037 2069 caelestia
1066 2027 1119 2069 ad
1147 2040 1303 2068 nouum
1332 2025 1487 2067 scilicet
1518 2030 1816 2067 testamentum

329 2171 348 2204 2
369 2169 401 2203 11
418 2169 494 2205 Cor.
511 2171 543 2209 3,
561 2172 581 2204 6
678 2171 699 2204 5
720 2170 756 2205 ΙΙ
774 2170 926 2211 Cor.3,3
1031 2171 1052 2203 6
1066 2169 1161 2204 Hier.
1175 2171 1219 2204 38
1231 2170 1368 2214 (31),33
1483 2169 1524 2203 10
1541 2169 1583 2203 cf.
1604 2168 1685 2203 Luc.
1705 2172 1757 2207 11,
1774 2170 1816 2202 20

243 2230 279 2264 11
299 2230 341 2264 ci.
363 2230 463 2264 Rom.
478 2230 510 2270 5,
524 2231 545 2262 5
640 2230 683 2264 cf.
705 2230 806 2265 Rom.
827 2231 877 2271 13,
901 2232 944 2265 lo
1069 2230 1108 2264 12
1125 2230 1168 2264 cf.
1190 2230 1205 2265 Ι
1223 2229 1310 2263 Tim.
1336 2229 1400 2269 1‚:›
1509 2230 1547 2263 13
1567 2229 1609 2263 cf.
1630 2227 1702 2262 (¹ol.
1722 2229 1753 2267 2.
1775 2230 1813 2262 17

245 2291 282 2325 Ῑῐ)
299 2290 341 2324 cf.
365 2291 520 2325 Retract.
645 2290 688 2324 20
707 2290 807 2324 Rom.
832 2291 880 2330 13,
899 2290 921 2323 9

97 2379 162 2422 des.
177 2380 202 2414 Ι,
329 2379 350 2412 3
365 2378 485 2414 littera
498 2380 527 2414 0
613 2379 739 2425 spiritu
754 2379 812 2414 GO
889 2383 908 2415 4
928 2379 1004 2425 ipsa
1015 2379 1050 2414 K
1067 2378 1136 2415 ista
1146 2379 1177 2413 T
1253 2377 1438 2425 prophetia
1450 2378 1480 2412 T
1555 2380 1572 2413 7
1592 2388 1711 2411 eorum
1723 2390 1786 2411 om.
1801 2377 1819 2410 b

243 2437 394 2474 scribam
402 2439 484 2473 ΟΤΙ)
555 2439 576 2473 9
593 2438 693 2485 quid]
711 2451 801 2485 quae
819 2438 855 2474 in
866 2451 930 2486 my.
941 2439 1028 2475 Om3
1120 2450 1200 2485 ergo
1215 2444 1298 2474 sunt
1311 2439 1329 2473 b
1414 2436 1820 2483 scriptae—testamenti

241 2497 280 2533 in
297 2498 359 2534 lin.
373 2509 447 2534 uae.
460 2498 517 2533 ηι4
526 2499 603 2534 add.
614 2498 644 2534 0
656 2499 712 2544 (cl.
730 2500 860 2544 Prael.)
946 2500 988 2535 10
1003 2499 1079 2546 ipsa
1089 2511 1153 2534 om.
1163 2501 1192 2533 ()
1289 2497 1419 2543 sancti]
1435 2498 1492 2532 dei
1503 2498 1520 2531 b
1604 2500 1637 2533 ll
1656 2497 1745 2543 plen.
1763 2499 1817 2530 est

242 2557 327 2603 legis
339 2558 369 2593 O
445 2559 486 2594 12
507 2558 687 2604 praecepti
701 2558 784 2594 finis
799 2560 821 2594 d
895 2558 1024 2595 ueteris
1038 2559 1078 2594 in
1091 2569 1159 2595 ταε.
1175 2559 1205 2593 G
1280 2560 1320 2594 13
1335 2559 1461 2593 umbra
1474 2558 1570 2592 szd
1654 2559 1692 2592 15
1710 2556 1815 2591 caeri-

236 2617 375 2653 moniae
386 2620 414 2653 S
480 2619 524 2654 16
538 2629 718 2654 sacrorum
731 2619 750 2654 b
834 2622 1016 2655 uetustate
1032 2619 1062 2654 Τ
1146 2617 1296 2654 earnalis
1312 2618 1396 2664 legis
1413 2618 1466 2652 Td
1555 2617 1628 2661 lege
1644 2627 1707 2650 om.
1719 2616 1816 2650 ww

246 2678 285 2713 17
303 2678 779 2723 congruebant—obseruare
792 2689 856 2714 om.
870 2679 955 2714 Oml
1073 2680 1114 2714 19
1131 2678 1246 2724 figura
1261 2678 1288 2723 (i
1305 2690 1347 2713 est
1362 2679 1400 2722 n)
1420 2678 1450 2711 P
1556 2676 1600 2711 ad
1625 2676 1632 2709 Ι
1653 2675 1779 2710 umbra
1791 2677 1818 2707 S

242 2737 286 2772 20
299 2736 490 2772 homicium
505 2737 542 2772 K
628 2739 667 2775 21
687 2737 786 2774 aliud
801 2739 888 2774 estd
980 2740 1024 2774 22
1039 2749 1153 2774 sermo
1165 2738 1195 2773 G
1279 2739 1323 2774 23
1339 2737 1508 2783 diligens(
1511 2736 1522 2749 ³
1621 2733 1820 2779 tamquam]

243 2795 338 2832 sicut.
347 2796 465 2838 Kde,
483 2798 526 2842 cl.
548 2797 623 2839 182,
639 2797 684 2833 25
772 2799 816 2834 24
834 2798 1252 2845 promissa—figurentur
1264 2798 1302 2832 in
1312 2797 1373 2832 lin.
1388 2807 1461 2831 uae.
1472 2796 1530 2830 ιιι-1
1539 2795 1648 2830 addo
1736 2804 1814 2839 pro-

242 2854 339 2900 missi
349 2857 388 2902 (ι
403 2866 429 2892 s.
449 2855 526 2902 01³
601 2857 644 2893 25
659 2857 733 2893 sint
745 2857 781 2893 K
869 2859 913 2894 26
929 2857 1096 2894 caelestia.
1110 2858 1147 2893 in
1163 2869 1228 2904 ηις.
1238 2858 1268 2892 0
