2028 3204
146 963 188 994 10

147 1292 187 1322 15

145 1622 189 1652 2⁰

147 1951 189 1981 25

746 232 832 268 liber
865 231 914 268 1v
949 233 1001 276 11,
1037 233 1175 274 lli—12,
1214 235 1254 268 1⁸
1715 225 1795 268 397

322 358 383 402 18.
430 358 509 402 Sed
553 363 696 402 utrum
736 356 893 415 aliquid
937 358 1020 401 tale
1062 358 1116 400 sit
1157 359 1310 409 anima,
1354 360 1707 415 scrupulosissime
1750 374 1797 403 ac

213 424 482 468 subtilissime
501 424 728 481 quaeritur.
764 436 909 467 uerum
928 428 1072 467 tamen
1091 430 1151 475 tu,
1173 425 1282 467 unde
1302 425 1380 467 tibi
1398 426 1579 468 maxime
1597 426 1795 481 gratiilor,

213 491 339 535 deum
369 503 517 547 corpus
548 503 633 533 non
661 503 747 534 esse
777 490 1021 541 confirmas;
1061 490 1131 533 sed
1163 503 1228 532 mo
1260 504 1398 533 rursus
1428 491 1650 535 sollicitum
1683 493 1796 538 facis.

214 556 287 601 ubi
319 556 440 600 dicis:
489 556 529 599 si
561 556 703 598 anima
734 561 838 599 caret
870 568 1040 610 corpore,
1075 559 1120 598 ut
1150 556 1216 605 sit,
1251 557 1354 598 siml
1387 557 1623 611 quibusdam
1659 559 1796 611 placet,

215 636 352 666 cassae
381 623 598 665 inanitatis
630 622 742 664 aeria
771 622 980 676 futilisque
1008 621 1247 665 substantia.
1297 622 1359 664 his
1401 624 1510 665 onim
1544 624 1627 666 tuis
1661 624 1796 666 uerbis

215 688 366 732 uideris
397 689 560 731 credero
593 701 714 730 omne
747 689 857 744 quod
890 692 1004 730 caret
1035 701 1204 743 corpore
1238 688 1370 730 inanis
1402 703 1488 730 esso
1521 690 1794 732 substantiae.

214 755 324 811 quod
358 754 391 797 si
425 754 484 797 ita
514 759 591 803 est,
626 755 835 809 quomodo
868 754 993 797 deum
1024 746 1153 797 audes
1185 753 1319 796 dicere
1352 768 1487 796 carere
1521 769 1688 811 corporo
1722 769 1795 798 nec

215 821 350 866 times.
382 833 431 862 ne
461 825 662 876 sequatur
689 820 823 863 inanis
851 833 947 863 cum
975 833 1062 863 esse
1091 819 1385 863 substantiae?
1432 834 1550 875 porro
1580 822 1612 863 si
1642 828 1681 862 et
1713 835 1799 862 cor-

215 900 313 942 pore
344 891 457 929 caret
487 887 602 936 deus,
636 886 747 941 quod
779 886 862 929 iam
893 886 1104 929 confessus
1135 899 1190 937 es,
1223 891 1264 928 et
1296 900 1390 928 eum
1423 886 1555 928 inanis
1587 902 1672 927 osso
1704 887 1799 928 sul)-

215 952 396 995 stantiae
426 952 538 995 absit
569 956 617 995 ut
646 951 774 1002 dicas,
807 965 891 995 non
921 965 1016 1008 ergo
1047 951 1182 994 inanis
1213 952 1474 994 substantiae
1506 959 1567 994 est
1602 953 1795 1007 quiequid

215 1031 384 1074 corpore
409 1024 535 1060 caret.
576 1023 618 1060 et
643 1017 735 1060 ideo
761 1018 833 1073 qui
857 1018 1143 1073 incorpoream
1167 1017 1269 1060 dicit
1293 1032 1380 1060 esse
1404 1018 1602 1063 animam.
1631 1032 1713 1059 non
1737 1024 1799 1060 ost

215 1097 483 1139 consequens
512 1088 560 1126 ut
586 1097 679 1126 eam
706 1084 808 1126 uelit
835 1083 968 1127 uideri
994 1084 1128 1126 inanis
1156 1083 1369 1139 futilisque
1398 1083 1671 1129 substantia-(¹.
1703 1085 1798 1140 quia

215 1155 258 1193 ct
283 1150 421 1196 deum,
450 1149 522 1206 qui
548 1163 632 1192 non
657 1155 720 1192 est
747 1150 868 1192 inane
895 1149 1066 1206 aliquid,
1095 1150 1218 1192 simul
1243 1150 1533 1205 incorporeum
1560 1151 1797 1192 confitetur.

216 1215 310 1258 uide
341 1221 484 1258 autem
517 1221 725 1271 quantum
758 1215 922 1258 intersit
953 1216 1063 1258 inter
1093 1216 1133 1258 id
1167 1216 1278 1271 quod
1311 1215 1403 1258 dico
1436 1222 1478 1259 et
1511 1217 1620 1272 quod
1656 1224 1702 1257 tu
1735 1230 1799 1257 nu·

215 1281 430 1324 existimas
462 1281 608 1324 dicere.
657 1296 731 1338 ego
763 1281 874 1324 enim
906 1295 981 1324 nec
1011 1281 1145 1324 aeriae
1178 1281 1439 1324 substantiae
1470 1282 1655 1324 animam
1688 1282 1799 1329 ἀίων,

213 1347 401 1403 alioquin
433 1361 581 1403 corpus
615 1361 701 1390 esse
735 1348 949 1390 confiteor.
1000 1362 1070 1390 aer
1104 1348 1258 1403 quippe
1292 1361 1440 1403 corpus
1474 1354 1537 1390 est
1570 1348 1798 1391 secundum

215 1426 371 1460 omnes,
406 1413 478 1468 qui
509 1414 560 1456 de
593 1413 833 1469 corporibus
866 1427 961 1456 cum
994 1413 1225 1469 loquuntur
1257 1414 1356 1469 quid
1389 1415 1618 1469 loquantur
1649 1415 1797 1455 sciunt.

215 1485 263 1522 tu
292 1484 437 1522 autem
467 1483 640 1534 propter
669 1479 710 1522 id
742 1480 854 1535 quod
887 1479 1172 1534 incorpoream
1203 1479 1291 1521 dixi
1320 1480 1519 1531 animam,
1553 1494 1637 1522 non
1667 1481 1798 1522 solum

215 1558 355 1587 cassae
384 1545 614 1595 inanitatis,
645 1546 715 1588 sed
746 1545 799 1588 ob
827 1546 906 1588 hoe
933 1545 1089 1588 aeriam
1118 1559 1184 1588 me
1213 1546 1375 1601 putasti
1403 1559 1495 1589 eam
1524 1546 1676 1588 dixisse
1705 1545 1802 1588 sul)-

215 1611 431 1662 stantiam,
463 1624 558 1654 eum
587 1616 630 1653 et
659 1625 808 1667 corpus
837 1625 930 1654 eam
960 1624 1044 1654 non
1073 1625 1159 1654 esse
1189 1611 1379 1662 dixerim,
1412 1613 1523 1667 quod
1554 1618 1617 1654 est
1645 1625 1727 1656 aer.
1759 1618 1799 1653 ot

216 1678 327 1732 quod
360 1691 452 1720 aere
482 1677 667 1733 inpletur
696 1678 818 1721 inane
848 1691 935 1721 esse
965 1690 1050 1720 non
1080 1677 1224 1733 possit.
1273 1678 1385 1733 quod
1417 1691 1491 1721 nee
1523 1683 1635 1721 utros
1668 1678 1728 1719 tui
1762 1684 1800 1718 te

215 1756 453 1786 ammonere
488 1748 730 1799 potuerunt.
784 1743 883 1800 quid
920 1743 1031 1786 enim
1065 1743 1179 1786 aliud
1216 1743 1259 1786 in
1293 1758 1362 1786 eos
1398 1744 1477 1787 nisi
1511 1757 1594 1793 aer,
1633 1744 1800 1800 quando

216 1808 431 1860 inflantur,
467 1809 663 1852 artatur?
716 1809 786 1866 qui
822 1823 954 1865 usque
988 1810 1093 1853 adeo
1129 1809 1271 1852 inanes
1308 1822 1392 1852 non
1425 1816 1537 1860 sunt,
1574 1815 1621 1852 ut
1657 1810 1802 1851 eadem

216 1874 475 1930 plenitudine
495 1875 623 1918 etiam
644 1876 829 1931 pondera
850 1875 1067 1918 sufferant.
1106 1875 1255 1931 quodsi
1276 1875 1383 1917 som»
1403 1876 1515 1918 aliud
1538 1875 1615 1917 tibi
1637 1875 1804 1917 uidetur

216 1954 303 1983 esse
325 1941 465 1991 flatus,
486 1941 600 1984 aliud
621 1954 705 1992 aer,
727 1954 821 1984 cum
841 1954 913 1983 aer
931 1946 1071 1984 motus
1092 1941 1179 1996 ipse
1200 1941 1255 1984 sit
1276 1941 1417 1992 flatus,
1441 1942 1551 1997 quod
1573 1948 1614 1983 et
1638 1941 1801 1982 flabello

216 2006 378 2061 agitato
402 2007 541 2049 doceri
563 2011 717 2062 potest,
743 2011 853 2049 certe
877 2020 979 2050 uasa
1004 2006 1216 2062 quaelibet
1239 2020 1437 2054 concaua.
1464 2021 1569 2063 quae
1596 2014 1718 2062 putas
1744 2007 1804 2047 in-

326 2109 343 2142 4
362 2106 462 2142 Vinc.
482 2107 603 2143 Victor

323 2193 340 2227 1
360 2190 429 2226 tale
446 2190 583 2238 aliquid
598 2190 711 2226 BCEI
720 2190 769 2226 Tb
860 2190 1158 2236 scrupolosissime
1173 2190 1203 2224 B
1295 2191 1315 2226 2
1332 2194 1373 2226 tu
1390 2203 1451 2226 mn.
1463 2190 1492 2224 B
1583 2191 1604 2223 3
1622 2201 1757 2225 rursum
1776 2190 1803 2223 'I'

218 2249 407 2286 sollititum
419 2251 450 2286 E
503 2253 524 2286 4
540 2255 582 2287 ut
598 2251 646 2286 sit
662 2252 762 2286 om.E
806 2251 827 2285 5
844 2250 956 2286 aerias
970 2250 1031 2286 BC
1045 2251 1159 2286 aeriae
1172 2251 1215 2286 Id
1261 2250 1461 2298 futtilisque
1475 2251 1544 2286 ΑΗ
1562 2250 1727 2296 utilisque
1747 2248 1803 2281 Rs*

217 2309 426 2357 inutilisque
448 2311 480 2346 D
504 2310 698 2357 fictilisque
719 2311 750 2346 E
857 2310 1080 2347 substantiae
1102 2311 1174 2356 Dd‚·
1197 2312 1238 2356 cl.
1263 2311 1285 2347 l.
1307 2311 1352 2347 19
1459 2311 1480 2345 6
1497 2310 1802 2354 inanis-corporo

219 2370 360 2406 om.lm1
449 2371 468 2406 7
487 2370 852 2417 quod—substantiae
869 2371 971 2407 om.A
1055 2370 1077 2405 9
1093 2370 1144 2418 et]
1160 2370 1222 2406 sed
1234 2371 1264 2405 E
1278 2374 1315 2406 et
1332 2381 1374 2405 ex
1388 2382 1426 2406 es
1435 2370 1527 2406 Dm?
1625 2370 1667 2404 lo
1683 2369 1758 2403 absi
1774 2370 1801 2402 ‚l

218 2428 581 2466 absit—substantiae
597 2430 660 2466 lin.
679 2430 723 2466 15
741 2430 839 2466 oms]
938 2430 1161 2466 substantiae
1177 2430 1409 2467 Substantiae
1427 2434 1479 2466 est
1496 2430 1525 2463 B
1627 2427 1802 2474 quidquid

220 2489 364 2525 DETM
438 2491 476 2525 11
496 2494 593 2526 earet
608 2500 752 2535 corpore
767 2490 798 2525 T
865 2489 908 2525 12
923 2489 1144 2526 uiderinanis
1155 2491 1188 2526 A
1256 2490 1457 2536 futtilisque
1470 2490 1539 2525 ΑΗ
1555 2488 1760 2533 inutilis-qm¹
1772 2487 1803 2521 D

219 2547 413 2595 fictilisque
424 2549 456 2584 E
503 2550 544 2585 14
561 2548 704 2586 uidetur
713 2549 767 2585 EI
814 2548 855 2585 15
871 2549 1062 2586 exestimas
1074 2549 1107 2585 A
1160 2559 1280 2586 aereae
1292 2551 1310 2585 b
1356 2551 1428 2585 aeri
1446 2554 1485 2585 ut
1502 2547 1723 2584 substantiae
1737 2544 1805 2580 AB

220 2607 264 2644 16
279 2608 426 2656 quippe]
442 2610 538 2645 enim
550 2609 569 2644 b
678 2611 719 2645 17
745 2619 908 2655 corporee
924 2609 1174 2656 colloquuntur
1184 2610 1216 2645 E
1315 2609 1375 2656 qui
1390 2609 1420 2644 E
1525 2609 1565 2642 :20
1592 2618 1661 2642 non
1678 2615 1755 2640 eam
1769 2605 1804 2639 H

219 2670 264 2703 et
276 2668 318 2705 ὄπ
331 2679 397 2715 my.
414 2668 492 2705 aad.
506 2669 538 2705 E
591 2670 631 2705 21
650 2667 892 2705 substantiam
909 2679 983 2715 emp.
1001 2671 1082 2706 ante
1098 2669 1194 2716 quod
1207 2669 1237 2704 E
1283 2668 1375 2716 aere]
1392 2672 1446 2703 est
1463 2677 1539 2702 nere
1552 2668 1583 2700 A
1631 2669 1670 2700 ut
1687 2664 1802 2702 lruA

220 2729 256 2763 ω
281 2727 387 2764 om.H
485 2729 528 2765 22
552 2727 590 2764 in
615 2739 674 2765 eos
698 2727 839 2764 aliudE
926 2728 1015 2765 illud
1034 2729 1064 2765 Ο
1153 2729 1195 2764 23
1216 2728 1364 2764 inflatur
1383 2727 1414 2762 E
1506 2726 1680 2771 Gaiusque
1703 2722 1803 2759 ABG

221 2785 266 2823 24
280 2786 351 2824 tibi
365 2785 470 2840 om}
526 2787 570 2825 25
590 2787 688 2824 aliud
709 2798 769 2824 aer
792 2791 991 2825 commotus
1007 2787 1082 2834 ipse
1100 2788 1150 2824 sit
1173 2788 1282 2824 flatus
1303 2787 1342 2822 in
1357 2798 1420 2832 my.
1436 2786 1469 2820 H
1539 2784 1582 2819 26
1598 2783 1757 2830 aogitato
1770 2782 1804 2818 H

221 2849 318 2883 certa
329 2845 365 2883 A
437 2857 594 2884 concaua
609 2850 685 2894 pose
699 2847 821 2884 inania
838 2858 910 2894 poc.
929 2848 1027 2895 eiquo
1043 2850 1172 2893 transp.
1191 2847 1268 2882 add.
1284 2847 1314 2881 E
