2028 3204
288 183 366 226 658

290 306 424 351 exigere
453 303 656 339 seruitutem
685 301 728 335 de
757 299 887 335 famulo
918 299 933 334 1
963 300 1037 340 107,

338 365 388 400 12.
404 363 552 398 alterum
566 361 701 406 exigere
713 359 811 400 1473,
828 360 878 394 13.
894 359 970 400 474,
985 360 1037 394 21.

291 423 476 469 exiguitas:
500 432 562 467 pro
584 430 738 454 mearum
761 418 888 453 uirium
910 417 1041 464 exigui-

337 487 410 517 tate
435 479 579 515 disserui
606 479 621 514 I
645 479 699 520 56,
727 479 778 514 23.
805 488 886 523 erga
910 476 1041 523 exigui-

338 545 447 576 tatem
481 549 595 574 meam
632 537 668 572 II
703 538 778 578 105,
814 538 866 572 24.
902 540 1041 572 nostrae

337 599 539 645 exiguitatis
560 597 732 632 industria
760 595 794 631 11
821 598 895 637 114,
922 597 972 631 19.

292 660 441 696 eximere
459 658 501 693 de
520 668 662 692 numero
680 656 837 691 fidelium
858 655 873 690 I
891 657 969 697 340,
990 656 1041 691 19.

339 728 476 753 earnem
500 717 542 752 de
565 716 622 751 illo
646 718 845 761 exemptam
872 714 887 749 1
910 715 986 757 355,
1012 717 1041 751 1.

294 777 494 813 exinanitur
519 775 747 822 praescientia
777 774 790 808 Ι
818 775 894 817 316,
922 775 952 810 2.

295 837 420 873 exinde
447 835 461 870 1
486 837 563 877 399,
587 836 639 870 24.
665 835 741 876 466,
770 835 820 869 10.

295 896 497 932 existentia:
529 905 655 930 nomen
684 905 754 939 quo
784 904 853 928 non
883 905 946 934 res,
975 904 1047 928 non

341 955 528 990 existentia
568 954 774 1000 exprimitur
817 952 832 987 I
874 954 949 994 246,
994 953 1045 988 15.

343 1016 417 1056 247,
442 1016 473 1049 3.

297 1084 568 1122 existimationis
595 1095 691 1119 meae
720 1094 838 1118 curam
867 1083 1005 1129 gessisti
1034 1083 1049 1118 I

343 1147 419 1186 334,
445 1146 497 1180 27.

298 1205 479 1240 existimor
502 1214 577 1239 cum
601 1203 665 1246 ins.
694 1202 708 1237 Ι
732 1203 807 1244 236,
834 1202 886 1237 25.

299 1265 450 1300 existens
470 1281 502 1291 z
522 1262 609 1298 ὢνῙ
639 1264 692 1304 91,
724 1263 775 1298 13.
808 1263 882 1303 117,
914 1262 965 1297 12.
996 1262 1049 1297 25.

345 1325 421 1365 316,
451 1324 504 1358 27.
534 1323 611 1364 323,
639 1322 670 1357 5.
701 1322 777 1363 339,
808 1322 860 1356 20.
890 1321 968 1363 450,
997 1322 1049 1357 26.

301 1395 398 1430 exitu
414 1394 604 1430 nouissimo
621 1392 776 1428 ostendit
795 1391 810 1427 I
827 1392 903 1434 467,
922 1393 951 1427 2.
982 1403 1053 1438 qua

347 1454 462 1490 exitus
485 1457 585 1499 patet
615 1452 629 1487 l
655 1453 731 1494 398,
758 1452 789 1487 5.
829 1463 890 1487 nec
917 1451 1053 1487 exitum

347 1513 531 1548 inueniunt
559 1512 573 1547 Ι
598 1513 651 1554 22,
677 1513 729 1547 22.

303 1579 510 1610 exoneratae
540 1571 825 1617 corruptibilibus
853 1571 1055 1617 corporibus

348 1633 486 1668 animae
513 1631 529 1666 I
552 1633 628 1673 409,
655 1632 706 1666 16.

305 1708 433 1750 exopto
464 1714 526 1749 pro
556 1713 684 1748 magno
714 1702 836 1737 diuino
866 1712 1008 1737 munere
1040 1701 1057 1736 Ι

349 1765 426 1805 348,
453 1764 483 1798 2.
510 1773 586 1797 cum
610 1773 676 1797 acc.
711 1764 742 1797 et
766 1761 830 1805 ins.
859 1760 874 1795 I
900 1762 975 1803 281,
1002 1762 1055 1797 29.

306 1823 502 1859 exorbitare
529 1833 550 1856 a
578 1821 719 1857 tramite
747 1820 908 1856 ueritatis
937 1820 953 1855 I
979 1822 1056 1862 334,

352 1884 404 1918 22.
437 1881 473 1916 ΙΙ
502 1882 577 1923 262,
609 1882 660 1916 19.
690 1891 711 1915 a
739 1880 811 1915 fide
839 1880 1012 1915 catholica
1041 1879 1059 1914 I

352 1943 429 1983 340,
446 1943 476 1977 9.
495 1952 515 1975 a
531 1941 596 1976 deo
615 1940 629 1975 I
646 1941 722 1981 517,
742 1941 792 1975 19.
811 1950 831 1974 a
848 1951 930 1975 uero
949 1939 1057 1982 1365,

355 2002 405 2037 15.
430 2001 475 2035 ad
496 2000 650 2035 immane
673 1999 917 2045 praecipitium
942 1998 959 2033 Ῑ
981 1999 1058 2041 338,

354 2062 406 2096 19.
443 2061 480 2094 in
503 2059 707 2105 quaestione
733 2058 769 2093 II
794 2059 869 2101 184,
894 2060 946 2094 21.

309 2120 521 2156 exorcismus
544 2120 587 2163 cs.
613 2119 690 2153 Ind.
716 2129 803 2153 nom.

310 2191 527 2227 exoreizatur
576 2189 614 2223 in
665 2189 714 2224 eis
765 2192 800 2224 et
852 2188 1063 2224 exsufflatur

355 2252 511 2296 potestas
531 2248 705 2283 contraria
727 2247 763 2282 II
784 2249 859 2290 203,
882 2249 939 2290 12;
959 2249 1003 2293 cs.
1025 2247 1063 2282 II

357 2310 433 2351 235,
458 2310 511 2344 20.
536 2308 614 2349 306,
638 2309 669 2343 3.
695 2308 772 2349 308,
799 2309 850 2343 11.

311 2368 487 2405 exordior:
512 2378 533 2402 a
557 2378 626 2413 quo
649 2366 715 2402 iste
738 2367 823 2402 ordo
847 2378 988 2402 exorsus
1011 2368 1065 2402 est

360 2427 382 2463 Ι·
401 2429 454 2470 91,
481 2428 533 2463 10.

314 2498 497 2536 exordium
519 2497 535 2533 I
556 2499 610 2540 11,
629 2498 660 2533 3.
683 2497 736 2539 19,
756 2498 787 2532 6.
808 2498 863 2539 47,
884 2497 936 2532 26.
958 2497 1012 2539 71,
1033 2497 1064 2533 9.

362 2557 399 2593 11
422 2559 476 2600 72,
502 2559 531 2593 1.
557 2557 634 2598 312,
660 2556 702 2592 15
715 2558 772 2592 cet.

315 2617 465 2654 exorior:
494 2616 642 2653 heresim
671 2615 936 2662 Pelagianorum
965 2617 1066 2650 tanto

360 2680 442 2724 post
464 2679 666 2713 exorturam
692 2674 708 2710 I
731 2675 809 2717 568,
835 2676 886 2710 14.

317 2747 437 2773 exoro:
460 2747 523 2783 pro
545 2734 699 2783 peccat-is
719 2734 902 2770 dominum
924 2743 1068 2769 exoran-

362 2795 447 2830 dum
474 2795 490 2830 I
514 2795 590 2838 245,
615 2795 668 2830 22.

703 182 769 217 111.
797 181 907 216 Index
931 179 1117 215 uerborum
1140 181 1177 214 et
1200 177 1439 214 elocutionum

1112 302 1269 333 exortus:
1293 295 1331 330 in
1353 299 1478 331 exortu
1501 294 1670 341 corporali
1692 294 1738 330 ab
1762 297 1860 330 utero

1157 355 1281 391 matris
1291 353 1527 390 recentissimo
1537 353 1615 396 136,
1625 354 1656 389 6.
1668 353 1859 400 figuratum

1158 415 1253 450 uitae
1290 417 1429 449 nostrae
1466 412 1594 449 ueteris
1629 423 1790 448 occasum
1826 416 1863 448 et

1159 478 1319 510 exortum
1337 483 1449 508 nouae
1474 471 1491 508 1
1515 473 1590 514 162,
1615 473 1667 508 18.

1115 545 1309 581 exosculor:
1333 545 1425 580 unde
1445 543 1495 579 illi
1515 546 1622 590 eaput
1643 543 1864 578 exosculatus

1160 605 1291 651 gratias
1314 604 1423 651 egeris
1448 602 1464 638 I
1486 604 1564 645 340,
1588 603 1640 638 27.

1117 675 1325 711 expauesco:
1361 663 1458 699 cuius
1491 662 1610 708 abyssi
1641 659 1864 697 altitudinem

1163 724 1259 759 uelut
1278 733 1512 769 expauescens
1533 721 1549 757 Ι
1568 722 1621 763 28,
1640 722 1673 763 3,
1691 722 1735 765 cl.
1757 720 1773 756 Ι
1790 721 1867 763 538,

1163 784 1216 819 28.

1119 858 1281 901 expecto:
1316 853 1402 888 illud
1434 857 1487 888 est
1519 852 1614 898 quod
1647 856 1792 897 expecto
1824 851 1869 886 ab

1164 914 1222 949 illo
1243 913 1364 948 audire
1388 912 1404 947 1
1425 912 1501 954 245,
1522 913 1553 948 3.
1576 911 1621 947 ab
1642 911 1710 946 alio
1733 910 1870 946 homine

1165 973 1295 1008 discere
1319 976 1500 1018 expectem
1527 971 1543 1006 I
1566 972 1643 1013 387,
1669 971 1721 1006 25.
1747 970 1789 1005 de
1814 970 1870 1005 illo

1166 1036 1350 1079 expectare
1374 1031 1540 1067 debemus
1566 1030 1602 1065 II
1628 1031 1701 1071 131,
1729 1030 1781 1065 10.

1123 1103 1286 1150 expedio:
1307 1103 1364 1138 cui
1381 1102 1543 1138 oboedire
1561 1101 1740 1147 expediret
1762 1099 1778 1135 1
1798 1101 1871 1142 107,

1170 1165 1221 1199 13.
1242 1162 1418 1209 quomodo
1437 1173 1473 1197 se
1491 1161 1536 1197 ab
1555 1160 1750 1196 obiectione
1769 1170 1872 1206 quae-

1169 1222 1293 1258 stionis
1325 1221 1428 1257 huius
1461 1220 1625 1267 expediat
1661 1220 1676 1255 l
1709 1220 1785 1260 271,
1821 1219 1870 1254 18.

1169 1293 1240 1318 non
1272 1281 1323 1316 ita
1355 1281 1557 1327 expeditum
1591 1283 1644 1315 est
1678 1278 1693 1314 1
1726 1279 1803 1319 439,
1835 1279 1872 1319 3;

1170 1343 1213 1386 cs.
1240 1341 1255 1376 1
1279 1342 1355 1382 393,
1379 1342 1411 1375 5.

1126 1401 1324 1448 expeditius
1347 1400 1493 1446 probare
1520 1398 1535 1433 I
1558 1399 1635 1440 415,
1662 1399 1712 1434 12.

1127 1460 1361 1507 experientiae
1387 1458 1634 1504 consequentia
1663 1457 1678 1492 1
1713 1457 1787 1499 106,
1823 1458 1873 1491 14.

1128 1520 1407 1567 experimentum
1433 1518 1449 1553 I
1472 1519 1549 1560 389,
1575 1518 1626 1553 16.

1129 1583 1292 1626 expertae
1312 1578 1472 1614 ueritatis
1492 1577 1527 1612 II
1548 1578 1623 1618 199,
1646 1578 1696 1612 11.
1718 1567 1791 1610 mim
1811 1586 1878 1609 acc.

1175 1642 1204 1675 et
1226 1639 1291 1683 inl.
1319 1637 1355 1673 ΙΙ
1378 1638 1433 1679 58,
1459 1638 1511 1673 10.

1130 1721 1267 1756 expers:
1287 1720 1412 1754 meque
1430 1708 1534 1743 huius
1551 1706 1723 1742 censionis
1740 1708 1880 1751 experte

1177 1769 1195 1804 1
1222 1769 1299 1811 357,
1330 1769 1381 1804 18.
1412 1766 1564 1813 corporis
1592 1769 1628 1801 et
1656 1764 1835 1811 sanguinis
1866 1763 1880 1798 1

1176 1829 1253 1870 458,
1271 1829 1302 1864 2.
1328 1838 1449 1873 expers
1467 1826 1522 1862 sui
1546 1825 1562 1860 Ι
1585 1826 1662 1867 381,
1686 1826 1717 1861 8.

1132 1888 1307 1935 expianda
1348 1898 1420 1922 esse
1462 1888 1605 1932 peccata
1649 1883 1665 1919 I
1707 1884 1784 1925 245,
1827 1883 1880 1918 21.

1177 1947 1340 1994 expiatur
1365 1946 1403 1981 in
1425 1948 1623 1981 renascente
1655 1943 1691 1978 II
1722 1944 1797 1985 297,
1830 1943 1881 1978 16.

1133 2007 1297 2054 explano:
1322 2005 1430 2041 latius
1451 2005 1488 2040 id
1511 2004 1677 2050 explanat
1700 2006 1737 2038 et
1759 2002 1884 2037 clarius

1179 2066 1196 2102 I
1220 2067 1296 2108 272,
1320 2067 1352 2101 3.

1134 2126 1271 2173 expleo:
1298 2136 1369 2160 non
1393 2123 1510 2170 explet
1534 2121 1748 2168 operationis
1772 2120 1883 2156 uicem

1181 2185 1218 2220 lI
1230 2185 1306 2226 278,
1320 2185 1373 2220 20.
1387 2182 1577 2229 explendae
1587 2180 1745 2217 libidinis
1758 2179 1840 2220 156,
1852 2180 1883 2214 3.

1180 2243 1353 2280 desideria
1377 2242 1394 2277 I
1417 2242 1494 2284 262,
1518 2242 1571 2277 21.

1137 2304 1302 2351 explodo:
1325 2302 1411 2350 illud
1431 2301 1503 2336 iam
1525 2299 1706 2346 explosum
1729 2297 1886 2344 repudia-

1182 2367 1328 2409 tumque
1360 2360 1581 2397 sentiendum
1613 2362 1667 2394 est
1699 2357 1716 2393 1
1746 2357 1800 2399 29,
1833 2357 1884 2392 17.

1138 2425 1318 2469 exponant
1339 2420 1431 2456 filios
1463 2419 1524 2466 qui
1555 2420 1746 2454 nascuntur
1765 2415 1889 2451 inuitis

1185 2481 1222 2517 11
1247 2482 1323 2523 229,
1350 2480 1402 2516 25.
1429 2479 1474 2515 ab
1498 2477 1666 2525 inpudica
1689 2475 1886 2522 expositum

1185 2541 1203 2577 1
1226 2542 1302 2582 471,
1328 2540 1380 2576 19.

1140 2610 1324 2648 exposcere
1347 2597 1609 2634 consensionem
1634 2594 1652 2630 1
1673 2594 1750 2636 460,
1774 2594 1806 2630 9.

1140 2670 1375 2718 expositiones
1393 2666 1563 2715 epistulae
1582 2664 1682 2702 Pauli
1703 2663 1740 2700 11
1757 2664 1813 2705 94.
1834 2663 1887 2700 19.

1186 2731 1263 2772 183,
1284 2730 1336 2766 17.
1360 2727 1376 2764 1
1396 2727 1472 2770 129,
1491 2726 1523 2763 8.
1543 2723 1716 2772 expositio
1734 2722 1890 2759 iustitiae

1188 2789 1226 2825 11
1251 2789 1303 2831 16,
1326 2788 1359 2824 6.
