2028 3204
736 219 823 255 iiber
855 219 891 255 II
921 219 955 262 5,
989 218 1108 260 10-6‚
1142 220 1178 254 11
1667 210 1741 252 471

163 346 361 389 adiuuare
398 347 718 402 uniuscuiusque
755 345 901 388 bonum
939 347 1199 400 propositum,
1246 359 1327 387 non
1366 350 1496 389 tamen
1535 347 1746 389 reluctanti)

164 411 342 454 studium
373 413 538 455 uirtutis
571 413 780 463 inmittere,
813 411 908 466 quia
939 425 1198 466 personarum
1229 413 1401 466 acceptio
1433 427 1514 455 vw‘n
1544 417 1599 455 est
1635 412 1745 467 apud

163 477 291 521 deum.
317 477 360 520 in
386 477 447 520 his
471 478 664 522 omnibus
688 477 824 521 uerbis
848 477 996 520 uestris
1021 478 1071 520 de
1095 477 1227 533 gratia
1251 479 1364 533 quod
1389 478 1551 521 dixistis
1576 479 1743 521 interim

167 547 298 586 taceo.
331 543 381 586 de
408 544 663 600 baptismate
694 543 854 587 reddite
885 543 1102 594 rationem,
1135 556 1208 586 eur
1240 543 1341 587 illud
1372 544 1517 587 dicatis
1549 545 1743 588 omnibus

165 622 251 652 esse
281 610 492 653 aetatibus
522 609 810 660 necessarium,
841 622 968 665 quare
999 609 1054 651 sit
1083 610 1356 653 necessarium
1386 611 1569 666 paruulis
1598 611 1743 661 dieite;

164 675 352 730 profecto
372 675 472 731 quia
497 676 555 719 eis
581 675 677 719 boni
704 675 862 731 aliquid
889 675 1049 718 confert
1076 681 1119 717 et
1146 676 1255 718 idem
1283 677 1440 732 aliquid
1467 690 1541 718 nee
1567 690 1743 732 paruum

164 754 238 783 nec
258 741 476 794 mediocre,
493 743 566 785 sed
585 755 785 798 magnum
806 746 882 783 est.
904 755 1002 783 nam
1023 741 1101 783 etsi
1124 755 1191 784 eos
1212 742 1373 798 negatis
1393 743 1611 785 adtrahere
1632 744 1743 798 quod

165 806 206 848 in
243 806 453 862 baptismo
490 808 729 851 remittatur
765 807 958 862 originale
988 813 1218 863 peecatum,
1243 814 1382 850 tamen
1407 808 1475 849 illo
1500 808 1743 863 regenerati-

164 872 253 915 onis
268 872 435 916 lauacro
451 873 641 929 adoptari
656 887 707 916 ex
723 873 819 916 filiis
833 873 1049 915 hominum
1065 873 1107 915 in
1123 873 1189 915 dei
1205 873 1312 916 filios
1329 887 1410 915 non
1427 874 1600 930 negatis,
1618 874 1744 915 immo

167 938 293 981 etiam
314 939 574 994 praedicatis.
604 939 728 982 dicite
751 952 844 995 ergo
866 939 998 989 nobis,
1021 939 1271 994 quicumque
1292 940 1494 995 baptizati
1516 940 1558 982 in
1580 939 1744 982 Christo

163 1004 326 1059 paruuli
352 1005 403 1048 de
429 1018 597 1061 corpore
623 1005 827 1056 exierunt,
853 1005 930 1048 hoe
956 1010 1045 1047 tam
1070 1005 1244 1047 sublime
1270 1006 1425 1048 donum
1452 1006 1602 1061 quibus
1630 1019 1744 1061 prae-

165 1070 408 1113 cedentibus
426 1070 582 1113 meritis
603 1072 879 1126 acceperunt?
904 1070 936 1113 si
957 1070 1144 1113 dixeritis
1164 1071 1240 1113 hoc
1262 1085 1329 1114 eos
1350 1077 1569 1127 parentum
1587 1071 1744 1127 pietate

164 1135 374 1188 meruisse,
416 1136 730 1192 respondebitur
775 1136 910 1179 uobis:
954 1149 1026 1179 cur
1065 1137 1288 1192 aliquando
1331 1137 1490 1193 piorum
1531 1137 1627 1180 filiis
1668 1138 1744 1179 hoc

163 1206 339 1258 negatur
355 1202 509 1245 bonum
528 1208 570 1245 et
587 1202 683 1245 filiis
703 1202 904 1245 tribuitur
931 1202 1180 1258 impiorum?
1214 1216 1528 1258 nonnumquam
1554 1203 1664 1246 enim
1692 1203 1742 1245 de

122 1279 133 1286 '
166 1267 362 1323 religiosis
392 1274 484 1311 orta
511 1268 645 1324 proles
670 1268 712 1310 in
742 1273 885 1311 tenera
910 1274 1048 1310 aetate
1076 1274 1203 1323 atque
1231 1269 1284 1311 ab
1314 1275 1431 1311 utero
1461 1269 1744 1311 recentissima

163 1333 430 1388 praeuenitur
463 1340 610 1386 morte,
649 1339 875 1390 antequam
901 1334 1067 1377 lauacro
1106 1335 1423 1389 regenerationis
1460 1335 1667 1386 abluatur,
1701 1341 1744 1377 ct

164 1398 299 1442 infans
331 1405 454 1442 natus
492 1414 544 1442 ex
586 1399 759 1442 inimicis
801 1400 951 1443 Christi
995 1400 1274 1443 misericordia
1313 1401 1638 1443 Christianorum
1672 1402 1743 1443 ba-

167 1465 351 1519 ptizatur
375 1466 416 1507 in
441 1466 624 1516 Christo;
657 1465 818 1521 plangit
848 1466 1063 1521 baptizata
1087 1471 1223 1508 mater
1248 1480 1331 1508 non
1358 1466 1618 1522 baptizatum
1652 1480 1742 1522 pro-

164 1530 299 1586 prium
332 1536 374 1573 et
404 1532 459 1574 ab
490 1531 687 1587 inpudica
707 1531 943 1587 expositum
965 1531 1266 1587 baptizandum
1288 1537 1405 1574 casta
1431 1532 1563 1574 fetum
1587 1532 1743 1587 colligit

165 1596 358 1640 alienum.
380 1597 447 1640 hic
467 1603 577 1639 certe
599 1597 747 1640 merita
767 1603 987 1653 parentum
1007 1602 1175 1649 uacant,
1198 1602 1352 1640 uacant
1372 1598 1490 1640 uobis
1510 1598 1742 1640 fatentibus

164 1662 346 1717 ipsorum
381 1663 508 1706 etiam
541 1663 820 1719 paruulorum.
858 1663 1010 1706 scimus
1044 1663 1153 1705 enim
1187 1677 1261 1706 uos
1294 1677 1376 1706 non
1411 1664 1486 1706 hoe
1520 1664 1570 1706 de
1604 1664 1745 1706 anima

163 1728 348 1771 humana
373 1729 552 1781 credere,
574 1730 686 1784 quod
712 1735 810 1772 ante
836 1743 983 1785 corpus
1011 1735 1221 1772 terrenum
1247 1729 1396 1772 alicubi
1426 1730 1575 1772 uixerit
1603 1736 1644 1771 et
1671 1730 1743 1772 ali-

164 1794 265 1849 quid
281 1800 453 1850 operata
473 1795 527 1837 sit
549 1795 613 1838 uel
636 1795 733 1837 boni
755 1795 821 1837 uel
843 1795 956 1846 mali,
978 1795 1088 1838 unde
1110 1795 1235 1837 istam
1257 1795 1298 1837 in
1321 1809 1441 1838 earne
1463 1795 1744 1837 differentiam

163 1865 402 1903 mereretur.
434 1874 540 1916 quae
570 1860 696 1916 igitur
725 1874 851 1903 causa
878 1860 974 1903 huic
1002 1861 1175 1916 paruulo
1206 1860 1461 1915 baptismum
1491 1861 1743 1915 procurauit,

121 1937 132 1944 ·
164 1924 222 1967 illi
246 1926 446 1982 negauit?
473 1940 526 1969 an
551 1926 629 1981 ipsi
654 1926 790 1969 fatum
813 1926 983 1977 habent,
1009 1926 1107 1981 quia
1131 1926 1325 1968 meritum
1350 1940 1431 1968 non
1456 1927 1641 1968 habent?
1669 1932 1744 1968 aut

163 1990 205 2033 in
231 1991 295 2034 his
321 1996 384 2034 est
409 2005 435 2034 a
458 1992 627 2034 domino
654 1992 838 2046 acceptio
866 1992 1163 2047 personarum?
1190 2005 1286 2034 nam
1314 1997 1538 2046 utrumque
1564 1991 1742 2042 dixistis,

164 2056 277 2112 prius
302 2056 452 2107 satum,
479 2057 761 2112 acceptionem
787 2062 934 2112 postea.
959 2070 1240 2112 personarum,
1273 2063 1334 2107 ut,
1362 2057 1557 2112 quoniam
1584 2062 1743 2099 utrum-

266 2235 286 2269 2
313 2234 356 2269 cf.
376 2233 446 2271 col.
465 2235 497 2275 3,
517 2235 559 2269 25
658 2234 679 2268 8
706 2234 748 2269 cf.
769 2234 838 2269 Tit.
856 2234 888 2275 3,
905 2235 926 2268 5
1033 2235 1070 2270 21
1101 2234 1145 2272 cf.
1164 2233 1265 2270 Plato
1283 2233 1370 2268 Tim.
1391 2245 1423 2279 p.
1443 2234 1481 2268 91
1504 2234 1534 2269 Α
1550 2245 1626 2279 sqq.
1647 2234 1744 2270 Diels

166 2293 319 2340 Doxogr.
339 2304 372 2339 p.
393 2294 468 2330 199.
489 2292 566 2335 568,
587 2294 638 2329 19.
657 2293 735 2335 588,
753 2294 805 2330 21.
824 2293 902 2336 651,
920 2294 950 2329 2.
969 2294 1118 2340 August.
1136 2294 1190 2330 De
1208 2295 1275 2330 eiu.
1295 2293 1353 2329 dei
1373 2293 1449 2329 XII
1466 2294 1508 2329 27

265 2415 286 2449 4
304 2413 433 2459 quurO
492 2413 655 2451 dioitisD
723 2414 743 2448 5
755 2424 828 2449 esse
844 2415 946 2449 om.D
1013 2413 1035 2447 6
1052 2413 1137 2449 boni
1151 2413 1202 2449 eis
1214 2415 1246 2450 D
1306 2412 1516 2448 conferOml
1574 2414 1592 2447 7
1611 2412 1744 2447 medio-

165 2483 238 2508 cres
253 2472 336 2509 edO
427 2473 508 2520 etsi]
525 2473 554 2509 si
565 2474 618 2509 Vb
712 2473 734 2508 9
749 2472 843 2509 filios
860 2473 917 2509 dei
930 2473 980 2509 Vb
1075 2474 1116 2508 10
1134 2472 1242 2508 dicite
1259 2483 1300 2507 ez
1314 2472 1428 2507 dicete
1436 2471 1520 2507 Oml
1613 2463 1698 2517 x—p‘n]
1710 2470 1741 2505 B

167 2533 208 2568 12
225 2545 283 2569 eos
299 2533 409 2568 hoeD
470 2534 513 2569 13
527 2533 630 2571 uobis
645 2532 697 2569 bis
711 2544 790 2579 pon.
804 2535 837 2570 D
900 2532 1122 2579 aliquantoO
1137 2534 1177 2578 (n
1194 2542 1235 2567 ez
1251 2535 1301 2575 m)
1363 2537 1513 2578 negatur
1526 2532 1590 2567 hoc
1602 2531 1744 2566 El-‘I'bd

166 2594 207 2628 14
223 2591 447 2642 negareturO
532 2592 747 2630 tribueturO
846 2595 1080 2639 nilnunquam
1091 2592 1123 2627 B
1199 2592 1293 2628 enim
1311 2592 1411 2627 om.D
1503 2592 1544 2626 15
1562 2590 1740 2626 tenera-B

165 2651 444 2690 recentissimo
459 2653 607 2698 (recenti
623 2655 662 2690 in
677 2654 762 2698 ναε.)
778 2652 1016 2688 recentissimo
1028 2651 1082 2687 Vb
1141 2652 1185 2687 19
1200 2663 1280 2687 uoce
1295 2653 1449 2698 positum
1468 2653 1533 2686 inc.
1552 2649 1609 2695 jol.
1630 2643 1695 2685 73⁶
1709 2649 1743 2683 D

164 2711 338 2749 {autumo
354 2713 388 2759 (e
405 2723 447 2749 ex
463 2724 482 2749 c
497 2714 570 2759 m2)
640 2713 682 2750 20
697 2712 733 2748 hi
747 2714 779 2749 B
854 2713 893 2749 21
913 2723 975 2748 uos
993 2722 1034 2748 ex
1049 2722 1149 2748 nosse
1161 2711 1192 2746 B
1269 2711 1312 2746 22
1329 2722 1400 2756 quo
1416 2710 1523 2746 dante
1535 2710 1554 2746 b
1614 2720 1742 2754 corpus

165 2770 361 2809 humanum
378 2773 435 2809 uel
452 2776 630 2809 terrenum
641 2773 706 2809 EF
764 2772 808 2808 24
823 2782 910 2808 ausa
921 2771 951 2806 V
1013 2772 1056 2807 25
1072 2771 1130 2807 ille
1141 2770 1225 2808 le
1292 2781 1363 2805 non
1379 2770 1513 2806 habent
1529 2768 1695 2804 meritum
1709 2768 1741 2803 D

165 2830 244 2878 aut]
262 2831 341 2868 uto
357 2833 427 2878 (th’
437 2835 520 2868 mut.
534 2834 573 2869 in
589 2833 640 2878 et.)
656 2833 711 2868 An
724 2831 757 2867 D
857 2832 900 2868 26
916 2831 1075 2877 acceptio
1092 2841 1114 2866 a
1131 2830 1276 2867 domino
1289 2829 1428 2866 EFl'bd
1517 2828 1696 2874 utrimque
1707 2827 1741 2862 D
