2028 3204
242 183 321 226 304
687 193 743 230 IV.
771 193 822 229 De
855 196 984 229 natura
1013 196 1053 230 et
1082 192 1211 240 origine
1241 192 1381 229 animae

331 319 385 361 II.
420 321 457 362 2.
495 320 575 362 Sed
607 319 702 361 hinc
734 331 861 373 angor
894 318 1122 374 paululum,
1158 319 1269 374 quod
1301 318 1438 361 adhuc
1470 323 1567 362 tuae
1592 319 1809 362 sanctitati

240 385 377 427 minus
412 398 538 439 quam
572 384 718 427 uellem
752 384 941 438 cognitus
987 398 1092 434 sum,
1135 384 1304 439 quando
1353 383 1521 439 quidem
1554 385 1714 439 putasti
1745 398 1811 428 me

243 516 355 571 quod
405 516 507 558 alius
557 516 665 558 fecit.
731 520 937 571 quantum
986 520 1127 557 autem
1173 515 1250 557 hoc
1297 514 1406 557 absit
1435 515 1487 557 ab
1535 515 1673 558 animo
1706 529 1810 566 meo,

243 582 350 633 uide,
382 586 429 622 ut
458 595 507 623 118
536 581 589 624 ab
615 581 683 623 illo
717 581 886 636 quidem
918 595 983 623 me
1016 594 1183 636 passum
1216 580 1408 622 iniuriam
1441 594 1681 636 conquerar.
1717 595 1809 623 cum
1839 594 1856 621 5

241 647 352 689 enim
401 647 522 689 aliter
563 647 770 702 quaedam
816 660 943 701 quam
994 659 1068 702 ego
1109 651 1286 702 saperet,
1327 646 1633 701 numquidnam
1665 645 1809 688 debuit

244 712 447 755 reticere?
482 712 591 755 unde
624 712 725 754 mihi
745 716 913 768 gratum
947 725 1033 754 esse
1065 712 1202 764 debet,
1238 711 1349 767 quod
1382 712 1443 753 ita
1474 724 1557 754 non
1589 712 1736 763 tacuit,
1766 717 1811 753 ut

244 778 286 820 id
319 778 446 821 etiam
478 778 607 831 legere
636 778 851 833 possimus.
871 776 1060 820 debuisse
1081 777 1172 832 quis
1190 777 1342 819 dixerit
1359 791 1454 819 eum
1471 775 1647 820 scribere
1675 777 1814 833 potius

244 843 298 886 ad
329 857 395 886 me
429 857 555 898 quam
588 843 641 886 ad
673 843 851 886 alterum
884 843 934 885 de
966 856 1052 893 me;
1085 843 1155 885 sed
1190 843 1301 898 quod
1337 842 1437 885 mihi
1485 847 1592 886 esset
1631 842 1810 896 ignotus.

244 921 326 951 non
360 913 422 952 est
454 922 579 952 ausus
610 922 652 952 se
678 908 780 951 mihi
804 909 984 962 ingerere
1016 908 1057 950 in
1090 922 1276 951 meorum
1307 908 1559 951 refutatione
1592 907 1811 950 dictorum.
1846 919 1883 947 ιο

246 988 320 1017 nec
341 975 640 1017 consulendum
661 988 727 1017 me
745 974 927 1029 putauit,
951 973 1025 1016 ubi
1047 973 1126 1016 sibi
1145 974 1312 1016 uidetur
1333 974 1503 1017 minime
1521 973 1810 1023 dubitandam,

243 1040 314 1083 sed
347 1040 469 1095 plane
502 1039 711 1093 cognitam
745 1045 787 1082 et
819 1044 975 1083 certam
1008 1044 1148 1082 tenere
1192 1040 1456 1082 sententiam.
1507 1039 1813 1094 obtemperauit

246 1109 388 1148 autem
416 1106 547 1147 amico
577 1119 665 1158 suo,
700 1119 724 1147 a
757 1118 837 1160 quo
871 1119 926 1157 se,
961 1109 1008 1146 ut
1040 1105 1250 1156 scriberet,
1295 1105 1397 1147 dicit
1438 1118 1523 1147 esse
1556 1105 1812 1159 conpulsum.

243 1175 286 1213 et
318 1171 352 1213 si
385 1171 485 1226 quid
518 1171 627 1213 inter
658 1171 977 1226 disputandum,
1011 1171 1120 1225 quod
1164 1171 1206 1212 in
1247 1184 1383 1213 meam
1428 1168 1723 1212 contumeliam
1756 1182 1815 1211 re-

247 1236 470 1288 dundaret,
506 1237 721 1291 expressit,
756 1250 840 1279 non
879 1250 974 1279 eum
1017 1236 1290 1278 conuiciantis
1318 1236 1537 1278 uoluntate
1560 1235 1815 1286 crediderim,
1849 1246 1884 1275 15

248 1302 320 1344 sed
357 1302 522 1344 diuersa
549 1301 766 1345 sentientis
798 1302 1044 1345 necessitate
1077 1301 1230 1344 fecisse.
1262 1301 1334 1344 ubi
1367 1302 1476 1343 enim
1509 1300 1611 1343 mihi
1643 1300 1805 1343 animus

246 1381 344 1423 erga
380 1381 447 1410 1118
478 1368 657 1410 hominis
680 1368 848 1423 ignotus
870 1372 932 1410 est
960 1371 1002 1409 et
1038 1366 1232 1417 incertus,
1273 1366 1417 1409 melius
1445 1366 1622 1409 arbitror
1647 1365 1817 1409 meliora

247 1434 400 1476 sentire
438 1447 564 1488 quam
596 1433 860 1489 inexplorata
887 1433 1067 1488 culpare.
1102 1432 1287 1474 fortassis
1312 1432 1421 1474 enim
1446 1445 1585 1474 amore
1613 1432 1694 1474 mei
1719 1431 1816 1474 fecit

249 1499 380 1541 sciens
414 1499 467 1541 ad
500 1513 565 1541 me
601 1499 816 1554 peruenire
849 1511 969 1554 posse
1017 1498 1127 1553 quod
1178 1497 1355 1553 scripsit,
1400 1498 1502 1540 dum
1534 1498 1576 1539 in
1612 1497 1666 1539 eis
1695 1496 1816 1539 rebus

248 1578 382 1608 errare
414 1578 480 1606 me
512 1577 595 1606 non
632 1565 737 1617 uult,
772 1565 814 1606 in
848 1564 998 1619 quibus
1033 1578 1074 1606 se
1106 1564 1246 1619 potius
1279 1576 1413 1606 errare
1460 1576 1542 1605 non
1587 1567 1723 1619 putat.
1777 1568 1818 1604 et
1846 1574 1888 1603 20

246 1630 337 1672 ideo
370 1630 498 1673 debeo
533 1630 661 1672 etiam
695 1630 780 1672 eius
823 1630 975 1673 habere
1021 1634 1184 1683 gratam
1218 1628 1555 1679 beniuolentiam,
1591 1628 1705 1669 cuius
1751 1641 1816 1669 me

248 1709 412 1738 necesse
446 1700 509 1738 est
540 1695 760 1750 inprobare
793 1695 1057 1737 sententiam.
1092 1707 1140 1736 ac
1178 1707 1250 1749 per
1281 1695 1359 1736 hoc
1407 1694 1448 1736 in
1490 1693 1546 1735 eis
1591 1706 1695 1748 quae
1739 1706 1821 1735 non

247 1766 357 1803 recte
403 1761 513 1816 sapit
554 1760 690 1802 adhuc
736 1761 882 1803 leniter
914 1760 1177 1814 corrigendus
1208 1759 1310 1802 mihi
1334 1759 1512 1810 uidetur,
1554 1772 1637 1800 non
1675 1771 1816 1814 aspere

247 1826 534 1878 detestandus,
595 1823 838 1881 praesertim
906 1826 1016 1881 quia,
1064 1824 1172 1867 sicut
1223 1825 1360 1876 audio,
1414 1837 1545 1879 nuper
1593 1822 1819 1866 catholicus

250 1892 385 1934 factus
415 1897 491 1943 est,
527 1892 637 1946 quod
667 1892 704 1933 ei
735 1891 1032 1947 gratulandum
1068 1895 1141 1933 est.
1192 1889 1326 1932 caruit
1358 1890 1467 1932 enim
1500 1889 1819 1932 Donatistarum
1847 1901 1887 1930 25

246 1958 311 2000 uel
343 1957 484 2013 potius
518 1957 833 2011 Rogatistarum
859 1956 1062 1999 diuisione
1085 1960 1129 1998 et
1153 1968 1298 2007 errore,
1323 1969 1406 2010 quo
1431 1959 1556 1997 antea
1582 1954 1816 2004 tenebatur,

249 2023 284 2064 si
308 2027 451 2065 tamen
478 2023 727 2065 catholicam
775 2022 999 2065 ueritatem
1037 2021 1144 2064 sicut
1189 2025 1355 2076 oportet
1388 2020 1613 2074 intellegat,
1649 2023 1696 2063 ut
1728 2031 1823 2062 uere

248 2088 300 2130 de
326 2088 434 2131 illius
466 2088 735 2131 conuersione
767 2088 1035 2142 gaudeamus,

343 2322 362 2354 2
383 2318 450 2354 sim
473 2320 507 2354 A
622 2320 643 2353 3
664 2316 766 2364 quesi
785 2318 818 2353 A
947 2317 968 2352 5
989 2328 1051 2352 nec
1074 2318 1091 2351 b
1219 2315 1424 2361 conquerar]
1447 2317 1635 2360 coequaret
1655 2314 1688 2349 A
1720 2324 1818 2349 coae-

247 2389 376 2424 quaret
394 2378 539 2413 BFmIG
556 2388 744 2423 coequarer
760 2378 789 2413 0
851 2378 872 2412 6
886 2376 1004 2423 aliter]
1021 2376 1156 2412 utiliter
1172 2375 1312 2417 ABCF,
1325 2375 1392 2410 bin
1400 2386 1466 2421 my.
1528 2374 1701 2419 quaedam
1719 2374 1819 2409 om.E

253 2449 333 2483 ergo
352 2438 379 2472 C
458 2440 580 2483 nuqua
594 2436 753 2472 ABCFG
823 2439 842 2472 7
860 2436 1009 2472 retinere
1022 2437 1065 2472 M
1138 2435 1235 2471 tacui
1253 2435 1356 2471 BGM
1420 2435 1442 2470 8
1459 2433 1603 2470 deberes
1618 2432 1761 2479 quidem
1778 2436 1817 2468 tu

252 2499 307 2543 (tu
334 2509 398 2533 om.
426 2498 474 2542 A)
509 2500 651 2532 tantum
685 2497 834 2531 scribere
861 2496 989 2531 ABFG
1028 2496 1172 2531 deberes
1202 2499 1242 2531 tu
1268 2494 1407 2540 quidem
1444 2496 1585 2529 tantum
1616 2492 1767 2528 scribere
1790 2492 1818 2526 C

254 2558 399 2593 deberet
415 2557 457 2592 bd
502 2556 523 2592 9
539 2556 598 2592 cdl.
616 2556 663 2591 ad
678 2568 743 2591 om.
756 2557 788 2591 E
832 2556 890 2602 de]
907 2555 953 2591 ad
966 2556 995 2591 G
1017 2554 1095 2601 sed]
1108 2555 1184 2590 add.
1201 2553 1259 2590 ille
1275 2555 1292 2589 b
1340 2555 1379 2590 11
1395 2552 1632 2589 dubitandum
1649 2550 1818 2587 2180de

254 2618 297 2653 13
306 2616 456 2652 scribere
466 2616 494 2651 Ο
542 2609 805 2651 15ῐ111*813.111;13
816 2615 858 2649 Μ
907 2616 948 2650 17
958 2613 1099 2650 incertis
1112 2615 1144 2649 A
1162 2625 1216 2649 mc
1228 2615 1380 2649 incertus
1390 2614 1433 2649 M
1482 2614 1523 2649 18
1533 2611 1546 2647 i
1556 2610 1775 2657 :exeplorata
1790 2610 1818 2645 C

251 2676 344 2711 enim
361 2687 424 2711 om.
441 2675 526 2711 Bml
536 2676 564 2711 G
635 2685 793 2711 amorem
809 2674 843 2709 ei
860 2673 922 2709 BC
1014 2674 1056 2709 19
1069 2673 1219 2710 seientes
1234 2673 1263 2709 0
1353 2671 1466 2719 possit
1483 2671 1515 2706 B
1604 2671 1647 2706 20
1660 2681 1715 2706 me
1732 2669 1818 2716 non]

254 2746 357 2771 nemo
371 2736 414 2770 M
469 2737 510 2771 21
529 2746 647 2771 menos
663 2725 721 2770 see
735 2735 764 2770 G
819 2734 861 2770 24
878 2733 957 2769 odio
973 2734 1004 2768 Ε
1059 2732 1102 2769 25
1115 2731 1348 2779 gratulandus
1365 2732 1394 2767 C
1457 2731 1501 2767 26
1514 2729 1768 2776 rogatistarunt
1785 2730 1818 2765 A

254 2799 356 2841 rogat
382 2794 495 2831 istari‘r
508 2794 594 2831 le
665 2793 891 2829 detinebatur
906 2793 938 2828 E
1471 2781 1475 2785 ’
