1976 3210
185 117 263 159 174
718 126 764 162 ΙΙ.
796 126 849 162 De
876 125 1003 173 spiritu
1033 130 1071 162 et
1099 125 1219 162 littera

180 266 271 294 eam
302 251 460 293 dicens:
498 250 620 305 quid
653 263 763 306 ergo
794 250 1042 294 dicemus?
1070 250 1142 293 lex
1173 254 1437 306 peccatum
1466 249 1573 293 est?
1599 249 1750 301 absit:

186 317 268 360 sed
299 322 563 372 peccatum
591 329 688 359 non
717 316 933 371 cognoui
964 316 1060 360 nisi
1082 315 1361 371 perlegem;
1385 329 1497 359 nam
1515 316 1750 371 concupi-

181 382 446 426 scentiam
479 396 571 425 nes
591 382 638 425 ci
659 382 808 425 ebam
834 382 930 426 nisi
957 381 1037 425 lex
1060 381 1266 424 diceret:
1287 395 1385 425 non
1411 381 1750 436 concupisces.

182 449 449 492 occasione
480 448 659 502 itaque
688 451 898 503 accepta
919 451 1183 503 peccatum
1210 459 1295 502 per
1321 446 1617 491 mandatum
1644 460 1751 502 ope-

183 519 349 556 ratum
376 518 450 556 est
476 514 527 557 in
550 527 624 555 me
649 526 845 556 omnem
871 513 1355 568 concupiscentiam.
1381 512 1482 555 dicit
1499 512 1643 555 etiam:
1664 512 1750 555 lex

183 580 386 635 quidem
417 583 596 621 sancta
625 583 672 621 et
704 579 1003 623 mandatum
1032 583 1268 622 sanctum
1298 582 1346 620 et
1373 578 1568 621 iustum
1599 583 1645 620 et
1675 577 1752 620 bo·

183 659 321 696 num;
345 645 727 699 sed.peccatum
759 649 813 687 ut
842 648 1090 699 appareat
1120 647 1400 699 peccatum,
1454 656 1538 698 per
1565 643 1753 687 bonum

182 711 300 753 mihi
342 715 609 765 operatum
651 715 725 753 est
767 715 990 753 mortem.
1026 709 1118 765 ipsa
1151 714 1213 752 est
1247 723 1342 764 ergo
1377 709 1517 752 littera
1551 709 1751 759 occidens,

183 791 289 832 quae
311 777 431 819 dicit:
462 790 558 819 non
589 776 933 831 concupisces,
955 776 1006 817 de
1028 789 1112 830 qua
1131 775 1233 817 item
1254 774 1357 817 dicit
1377 775 1489 829 quod
1510 774 1633 829 paulo
1655 779 1753 817 ante

183 842 523 886 commemoraui:
573 855 658 896 per
707 841 864 896 legem
917 842 1048 885 enim
1099 840 1322 896 cognitio
1367 840 1572 895 peccati.
1618 852 1751 883 nunc

185 914 355 951 autem
385 908 492 950 sine
520 907 624 962 lege
653 908 858 950 iustitia
886 907 962 950 dei
993 906 1325 949 manifestata
1352 910 1439 957 est,
1469 905 1755 948 testificata

184 987 267 1029 per
288 974 444 1028 legem
466 978 514 1015 et
538 973 825 1028 prophetas,
847 973 1052 1016 iustitia
1073 976 1243 1015 autem
1265 971 1340 1014 dei
1366 984 1450 1026 per
1471 971 1622 1014 fidem
1641 971 1754 1014 Iesu

185 1040 369 1082 Christi
399 1039 449 1083 in
475 1052 645 1082 omnes
680 1039 764 1093 qui
796 1038 1030 1089 credunt;
1069 1052 1166 1082 non
1199 1037 1330 1080 enim
1362 1042 1436 1079 est
1467 1036 1751 1080 distinctio.

185 1118 354 1147 omnes
402 1105 533 1146 enim
572 1109 916 1160 peccauerunt
962 1108 1009 1145 et
1050 1108 1198 1159 egent
1247 1103 1408 1157 gloria
1447 1102 1519 1145 dei
1570 1101 1749 1144 iustifi-

184 1171 283 1213 cati
317 1171 473 1225 gratis
504 1183 588 1225 per
619 1170 835 1225 gratiam
866 1170 1042 1225 ipsius,
1077 1182 1162 1224 per
1193 1168 1595 1224 redemptionem
1628 1180 1754 1222 quae

184 1241 257 1279 est
283 1237 334 1280 in
356 1236 551 1279 Christo
572 1236 706 1286 Iesu,
729 1249 875 1291 quem
899 1235 1167 1290 proposuit
1194 1234 1314 1276 deus
1335 1233 1754 1289 propitiatorium

184 1315 268 1357 per
304 1302 457 1343 fidem
489 1301 539 1343 in
575 1302 823 1356 sanguine
855 1301 1017 1356 ipsius
1053 1300 1113 1342 ad
1150 1300 1498 1344 ostensionem
1522 1298 1755 1341 iustitiae

186 1368 290 1410 eius
321 1371 528 1422 propter
561 1367 880 1422 propositum
913 1366 1331 1421 praecedentium
1360 1369 1680 1420 peccatorum
1705 1363 1755 1406 in

191 1433 267 1476 dei
301 1433 566 1488 patientia,
600 1433 660 1475 ad
687 1432 1072 1475 ostendendam
1102 1430 1553 1486 iustitiamipsius
1588 1429 1637 1472 in
1667 1429 1757 1471 hoo

191 1504 432 1554 tempore,
470 1503 522 1540 ut
548 1499 614 1541 sit
633 1499 802 1541 iustus
832 1502 879 1540 et
904 1497 1199 1540 iustificans
1217 1510 1342 1546 eum,
1365 1496 1450 1550 qui
1471 1509 1530 1538 ex
1556 1495 1656 1537 fide
1676 1498 1755 1537 est

187 1565 311 1607 Iesu.
337 1564 485 1606 deinde
505 1564 710 1607 subinfert
731 1565 839 1606 unde
860 1577 969 1606 nunc
991 1563 1168 1618 agimus:
1197 1562 1279 1604 ubi
1307 1567 1380 1604 est
1395 1575 1505 1616 ergo
1522 1560 1756 1615 gloriatio

193 1630 306 1673 tua?
326 1630 534 1672 exclusa
552 1635 638 1672 est.
664 1643 748 1685 per
769 1643 918 1684 quam
937 1628 1116 1683 legem?
1138 1627 1414 1670 factorum?
1435 1638 1546 1677 non,
1570 1626 1654 1668 sed
1675 1638 1758 1680 per

187 1697 342 1751 legem
372 1696 505 1738 fidei.
528 1696 594 1738 lex
615 1709 708 1750 ergo
730 1696 811 1738 ista
830 1695 1036 1738 factorum
1056 1695 1147 1749 ipsa
1166 1699 1228 1736 est
1248 1707 1355 1748 quae
1375 1693 1494 1736 dicit:
1524 1704 1622 1737 non
1648 1702 1757 1736 con-

187 1775 207 1804 c
219 1776 244 1804 u
257 1762 330 1816 pis
340 1774 360 1802 e
369 1774 428 1812 eS,
442 1761 540 1816 quia
550 1775 622 1816 per
639 1761 751 1803 illam
768 1761 947 1815 cognitio
965 1760 1125 1815 peccati
1141 1765 1214 1802 est.
1235 1759 1328 1802 uolo
1340 1759 1466 1814 igitur
1482 1757 1596 1807 scire,
1615 1757 1649 1799 si
1665 1756 1757 1811 quis

187 1827 289 1869 mihi
310 1827 443 1869 dicere
465 1827 630 1878 audeat,
654 1831 795 1869 utrum
817 1826 883 1869 lex
904 1826 1002 1868 fidei
1023 1839 1105 1867 non
1127 1825 1258 1867 dicat:
1289 1836 1388 1869 non
1415 1823 1754 1877 concupisces,

187 1893 221 1935 si
241 1893 350 1935 enim
372 1905 453 1934 non
476 1892 591 1943 dicit,
615 1892 716 1947 quid
736 1905 884 1935 causae
906 1896 981 1943 est,
1004 1904 1077 1934 cur
1097 1904 1179 1933 non
1201 1891 1243 1932 in
1266 1904 1313 1932 ea
1334 1889 1459 1945 positi
1479 1888 1611 1934 securi
1631 1892 1757 1942 atque

186 1959 341 2014 inpune
357 1957 604 2014 peccemus?
627 1959 705 2000 hoc
728 1958 836 2000 enim
860 1961 901 1999 et
922 1957 982 1999 illi
1002 1960 1259 2017 putauerunt
1280 1954 1516 2010 apostolum
1538 1954 1683 2004 dicere,
1706 1953 1758 1995 de

283 2146 298 2178 1
324 2144 425 2178 Rom.
449 2145 480 2184 7,
502 2143 557 2178 7.8
646 2143 667 2178 5
682 2143 783 2177 Rom.
806 2143 838 2183 7,
865 2142 917 2176 12.
944 2142 986 2176 13
1086 2141 1108 2176 8
1133 2140 1176 2175 cf.
1200 2140 1234 2174 11
1256 2140 1331 2175 Cor.
1351 2140 1384 2181 3,
1406 2139 1427 2174 6
1515 2139 1536 2173 9
1557 2139 1658 2174 Rom.
1680 2139 1711 2178 7,
1733 2138 1752 2171 7

194 2203 235 2237 10
256 2204 357 2238 Rom.
379 2204 411 2244 3,
434 2201 566 2237 20-26
658 2202 697 2236 21
721 2202 823 2236 Rom.
843 2202 875 2242 3,
896 2201 938 2235 27
1031 2201 1074 2235 23
1093 2200 1195 2235 Rom.
1219 2201 1251 2240 7,
1273 2200 1291 2234 7

277 2322 300 2356 3
312 2319 525 2365 nesciebam]
539 2331 608 2354 non
624 2318 772 2365 cognoui
784 2319 803 2354 b
902 2319 923 2354 5
938 2318 993 2353 lex
1006 2329 1070 2354 om.
1082 2319 1165 2353 Oml
1267 2317 1286 2352 7
1301 2320 1483 2362 peccatum
1497 2318 1572 2360 post
1583 2317 1753 2367 appareat

188 2391 253 2415 om.
268 2379 304 2415 τὸ
403 2381 424 2415 8
441 2379 527 2414 mihi
540 2390 604 2415 om.
619 2379 656 2414 εὔ
747 2379 769 2414 9
782 2388 850 2423 que
861 2378 945 2413 Oml
1054 2378 1096 2413 12
1111 2375 1267 2419 iustitias
1279 2376 1315 2411 K
1406 2376 1448 2411 13
1467 2385 1537 2410 non
1550 2373 1658 2419 enim]
1674 2373 1707 2408 N
1723 2373 1756 2408 P

191 2441 232 2475 14
245 2450 330 2487 egen
341 2439 425 2474 Oml
488 2438 635 2484 gloriam
649 2438 735 2473 LGO
795 2436 1001 2473 iustificati*
1016 2437 1046 2472 L
1114 2437 1155 2472 15
1168 2434 1420 2472 redemtionem
1432 2435 1461 2470 L
1523 2434 1565 2470 16
1579 2426 1639 2468 iliu
1652 2433 1758 2468 om.2b

189 2497 392 2545 praeposuit
404 2508 423 2532 2
534 2496 807 2544 propitiatorum
821 2497 942 2532 KmIG
955 2494 1224 2542 propitiatorem
1237 2494 1350 2530 Km2b
1457 2494 1497 2530 17
1509 2491 1716 2539 sanguinem
1728 2492 1758 2527 L

188 2557 359 2604 sanguine
369 2557 462 2594 SPG
544 2556 819 2592 ostentationem
833 2555 870 2590 εὑ
953 2555 995 2591 18
1009 2553 1250 2601 peccatorum]
1262 2553 1470 2590 delictorum
1484 2553 1533 2594 ab,
1543 2553 1585 2596 ct.
1597 2563 1632 2597 p.
1647 2551 1703 2593 41,
1715 2551 1758 2586 16

192 2617 234 2653 19
248 2616 422 2663 patientia
436 2616 468 2651 P
543 2616 791 2652 ostentandam
806 2625 824 2649 2
893 2613 1003 2660 ipsius
1017 2625 1080 2649 om.
1093 2614 1129 2649 eb
1218 2614 1261 2650 20
1274 2615 1329 2649 ost
1341 2622 1427 2649 oms
1498 2613 1537 2648 21
1553 2610 1660 2646 infert
1673 2610 1757 2646 Lml

193 2686 273 2722 ergo
287 2679 340 2711 est
353 2676 371 2711 b
481 2676 524 2711 22
538 2678 601 2711 tua
613 2687 678 2711 om.
689 2675 783 2712 001¹
893 2675 935 2710 24
949 2673 1008 2708 illa
1019 2673 1076 2710 SG
1187 2671 1312 2719 igitur]
1323 2683 1404 2718 ergo
1418 2671 1437 2706 b
1567 2668 1631 2716 qui
1640 2669 1756 2706 LmlS

194 2736 236 2771 26
250 2746 356 2771 causa
369 2735 546 2772 LmlSPG
592 2746 657 2780 qur
667 2735 752 2770 Oml
798 2732 911 2768 securi
924 2732 1066 2768 s.1.m2L
1155 2732 1196 2767 27
1216 2735 1252 2767 et
1264 2742 1328 2767 om.
1340 2731 1370 2767 Ο

1781 851 1822 880 lo

1785 1178 1825 1207 15

1783 1507 1828 1536 20

1783 1834 1827 1864 25
