2028 3204
277 224 360 267 402
713 235 770 270 IV.
804 234 855 269 De
889 238 1016 270 natura
1047 237 1083 269 et
1113 233 1247 280 origine
1278 233 1416 269 animae

275 356 522 400 doctrinae?
549 370 642 408 ergo
667 369 864 411 corporea
886 360 949 398 est
972 356 1106 399 forma
1128 356 1356 399 doctrinae.
1396 355 1550 399 oblitus
1574 369 1616 398 es
1640 356 1841 412 scriptum

274 437 360 465 esse
380 424 430 465 de
457 423 620 465 Christo
640 422 747 473 Iesu,
766 426 991 477 antequam
1023 422 1235 466 hominem
1264 420 1412 463 fuisset
1442 421 1627 472 indutuS,
1659 421 1770 477 quod
1800 421 1842 464 in

271 489 407 530 forma
426 489 493 530 dei
512 487 631 530 erat?
654 487 861 542 quomodo
880 499 975 541 ergo
995 488 1116 529 dieis:
1138 487 1175 529 si
1192 486 1426 540 incorporea
1443 490 1499 528 est
1517 486 1670 538 anima,
1690 499 1844 532 necesse

271 559 328 595 est
349 558 480 595 careat
499 553 644 606 forma,
661 566 755 595 cum
778 552 923 595 audias
944 552 1121 594 formam
1143 553 1223 603 dei,
1245 565 1369 607 quem
1389 565 1472 595 non
1494 564 1580 594 esse
1601 564 1843 607 corporeum

273 619 487 661 confiteris
511 624 553 661 et
583 619 643 660 ita
672 617 864 672 loqueriS,
896 621 1112 672 tamquam
1142 616 1278 660 forma
1305 617 1383 660 nisi
1412 616 1455 658 in
1486 616 1726 671 corporibus
1755 629 1842 659 esse

272 699 356 726 non
385 683 549 739 possit?

377 768 441 810 22.
483 767 595 809 Dicis
635 766 762 809 etiam
805 769 976 808 ‘cessare
1007 765 1089 807 illic
1128 765 1311 816 nomina,
1338 765 1412 806 ubi
1453 778 1534 807 non
1573 764 1846 819 distinguitur

272 833 421 884 forma,
451 837 493 874 et
523 831 627 875 nihil
657 831 738 874 illic
769 844 888 886 agere
919 831 1243 886 appellationem
1274 830 1504 881 nominum,
1536 830 1607 872 ubi
1636 829 1752 872 nulla
1782 834 1844 872 est

271 899 506 947 designatio
524 900 823 953 personarum‘,
841 896 938 939 hinc
959 895 1100 939 uolens
1120 896 1294 952 probare
1308 895 1496 937 Abrahae
1517 895 1701 937 animam
1720 894 1846 937 fuisse

274 976 528 1018 corpoream,
558 963 656 1018 quia-
682 963 762 1004 dici
788 962 947 1017 potuit:
976 975 1002 1017 p
1022 976 1046 1003 a
1064 966 1081 1003 t
1099 976 1119 1003 e
1136 974 1155 1002 r
1199 962 1234 1003 A
1251 961 1277 1002 b
1294 974 1314 1002 r
1330 975 1356 1003 a
1372 961 1400 1002 h
1417 975 1442 1003 a
1460 974 1512 1002 m.
1552 960 1635 1002 iam
1662 960 1842 1003 diximus

272 1030 400 1070 etiam
423 1029 494 1070 ubi
519 1041 667 1083 corpus
691 1027 853 1070 nullum
876 1031 940 1068 est
963 1040 1049 1069 esse
1074 1027 1263 1068 formam.
1300 1026 1333 1068 si
1356 1031 1498 1069 autem
1522 1025 1846 1080 appellationem

271 1094 491 1136 nominum
524 1093 627 1136 nihil
659 1098 784 1148 putas
818 1105 951 1146 agere,
987 1092 1059 1134 ubi
1092 1106 1173 1134 non
1208 1096 1307 1134 sunt
1340 1104 1524 1146 corpora,
1559 1104 1732 1133 numera
1764 1091 1846 1133 ista

273 1159 455 1211 nomina,
506 1172 660 1214 quaeso
710 1164 770 1200 te:
842 1158 1090 1200 fructus
1149 1162 1350 1199 autem
1415 1156 1690 1212 spiritus
1753 1159 1847 1197 est

272 1225 528 1275 caritas,
594 1224 882 1277 gaudium,
948 1236 1077 1278 pax,
1153 1222 1621 1277 longanimitas,
1689 1221 1846 1263 beni-

271 1290 500 1345 gnitas,
540 1289 809 1339 bonitas,
851 1287 1027 1339 fides,
1069 1287 1489 1338 mansuetudo,
1532 1286 1846 1328 eontinen-

278 1356 368 1397 tia
398 1359 440 1397 et
467 1356 533 1397 dio
559 1355 661 1397 mihi
689 1360 832 1396 utrum
861 1366 923 1395 res
951 1353 1063 1409 ipsas
1089 1366 1172 1395 non
1199 1365 1412 1406 agnoscas,
1441 1364 1617 1406 quarum
1643 1352 1723 1393 ista
1750 1355 1848 1393 sunt

272 1421 456 1472 nomina,
488 1419 557 1462 uel
587 1421 643 1461 sic
671 1432 885 1471 agnoscas,
918 1423 966 1461 ut
996 1417 1137 1473 aliqua
1167 1417 1410 1460 liniamenta
1441 1429 1659 1471 corporum
1690 1416 1843 1459 uideas.

274 1500 381 1536 ecee,
406 1490 454 1527 ut
476 1485 559 1528 alia
580 1490 756 1536 taceam,
779 1485 844 1526 dic
866 1484 967 1526 mihi
990 1497 1117 1539 quam
1138 1482 1330 1538 figuram,
1355 1496 1460 1537 quae
1483 1482 1681 1533 membra,
1722 1494 1847 1536 quem

273 1552 449 1592 colorem
466 1551 617 1593 caritas
634 1550 802 1603 habeat,
815 1563 922 1604 quae
940 1555 1064 1600 certe,
1078 1550 1112 1590 si
1123 1549 1211 1604 ipse
1224 1549 1358 1590 inanis
1376 1562 1457 1590 non
1475 1562 1530 1599 es,
1544 1548 1667 1589 inane
1684 1546 1841 1602 aliquid

273 1617 350 1658 tibi
380 1616 511 1658 uideri
539 1629 620 1658 non
647 1619 800 1670 potest.
845 1615 961 1656 emtus
989 1613 1192 1656 (humilium
1218 1613 1463 1666 inploratum
1490 1617 1558 1664 est,
1586 1612 1736 1667 inquis,
1765 1625 1847 1654 cor·

271 1694 415 1735 porcus
442 1681 576 1734 utique
604 1681 719 1722 uisus
749 1685 803 1722 est
831 1684 945 1733 atque
971 1678 1176 1732 formatus.
1222 1679 1396 1720 audiant
1426 1683 1467 1719 te
1495 1678 1682 1720 homines
1711 1681 1755 1719 et
1780 1677 1847 1719 dei

271 1760 393 1789 nemo
420 1747 599 1801 inploret
624 1746 840 1796 auxilium,
867 1745 966 1799 quia
990 1758 1110 1787 nemo
1136 1757 1232 1785 eum
1256 1748 1397 1798 potest
1424 1743 1563 1785 uidere
1589 1755 1844 1797 corporeum.

379 1829 493 1871 XVI.
527 1830 590 1871 23.
640 1831 834 1886 Demque,
867 1827 1017 1883 inquis,
1048 1826 1222 1869 membra
1251 1825 1336 1868 illic
1366 1825 1527 1867 [militae
1556 1824 1845 1875 deseribuntur,

273 1899 317 1936 ut
335 1908 425 1936 uere
443 1894 494 1936 sit
514 1907 671 1947 eorpus,
703 1898 746 1936 et
776 1894 837 1935 uis
871 1897 956 1948 ‘per
985 1892 1151 1934 oculum
1180 1896 1320 1934 totum
1349 1895 1477 1945 caput
1506 1890 1716 1945 intellegi‘,
1748 1889 1846 1944 quia

271 1961 408 2002 dictus
445 1965 507 2002 cst
541 1960 698 2002 leuasse
733 1959 870 2001 oculos
904 1971 1013 2009 suos,
1051 1961 1137 2012 ‘per
1170 1956 1353 2011 linguam
1387 1955 1540 2006 fauces,
1569 1967 1641 2010 per
1664 1955 1843 2010 digitum

377 2131 396 2164 2
422 2128 464 2164 cf.
494 2127 583 2163 Phil.
612 2128 642 2171 2,
670 2128 690 2162 6
799 2128 819 2162 3
845 2126 943 2162 Vinc.
971 2126 1094 2162 Victor
1198 2127 1215 2160 7
1243 2125 1342 2161 Vino.
1370 2125 1491 2160 Victor
1574 2125 1613 2159 10
1631 2124 1713 2160 Luc.
1734 2123 1785 2165 16,
1804 2123 1846 2158 24

276 2190 317 2223 13
337 2188 415 2224 Gal.
429 2188 459 2231 5,
480 2188 531 2223 22.
552 2188 594 2222 23
655 2188 696 2223 20
714 2186 813 2222 Vinc.
829 2186 950 2221 Victor
991 2184 1121 2221 20-25
1139 2185 1183 2220 cf.
1201 2184 1283 2220 Luc.
1304 2184 1354 2227 16,
1374 2184 1427 2219 24.
1445 2184 1488 2219 23
1550 2184 1592 2218 23
1609 2183 1708 2219 Vino.
1727 2182 1850 2218 Victor

374 2303 390 2335 1
421 2299 730 2347 ergo-doctrinae
757 2300 860 2334 om.H
939 2298 990 2345 es]
1010 2302 1063 2334 est
1084 2298 1118 2332 H
1212 2298 1232 2332 2
1261 2298 1340 2333 Iesu
1359 2297 1496 2332 «ΜΔΕ
1588 2295 1730 2331 homine
1749 2295 1847 2331 CEH

273 2360 376 2396 3dici
388 2361 416 2395 C
481 2360 707 2404 incorporeA
790 2361 810 2394 4
828 2361 900 2405 qua
912 2357 943 2391 B
1022 2359 1115 2394 estC'
1198 2358 1219 2391 5
1237 2356 1303 2403 ita]
1319 2356 1387 2393 ista
1404 2367 1483 2392 cum
1497 2357 1531 2390 H
1617 2355 1729 2390 forma
1747 2354 1847 2389 om.A

275 2422 294 2455 7
322 2431 459 2455 caesare
481 2420 509 2455 C
574 2419 820 2466 distinguntur
839 2419 867 2454 C
938 2419 959 2453 8
975 2417 1045 2452 illic
1064 2429 1126 2453 οηι.
1141 2417 1176 2451 H
1251 2416 1528 2462 appellationum
1549 2415 1577 2450 C
1659 2417 1713 2450 est
1737 2424 1800 2450 om.
1816 2413 1848 2448 A

275 2479 296 2514 9
313 2480 408 2514 uoles
420 2479 448 2514 C
552 2479 707 2514 habrahe
720 2478 747 2512 Ο
860 2478 948 2513 inter
962 2478 1118 2512 animam
1137 2479 1165 2511 et
1181 2475 1286 2512 fuisse
1304 2486 1385 2512 eras.
1403 2475 1528 2511 uerba:
1553 2474 1658 2510 fuisse
1675 2473 1795 2509 anima
1815 2473 1848 2507 A

277 2540 318 2574 10
335 2539 532 2575 habraham
544 2539 572 2574 Ο
587 2539 722 2574 habrae.
736 2539 765 2573 T
820 2539 861 2572 14
879 2537 1008 2572 caritas
1024 2536 1167 2572 bonitas
1183 2536 1260 2581 (om.
1278 2538 1364 2580 post.
1384 2535 1522 2580 bon.)E
1584 2543 1656 2579 pax
1670 2531 1847 2579 patientia

275 2598 529 2645 longanimitas
541 2599 561 2633 I
614 2596 840 2644 loganimitas
851 2597 885 2631 A
952 2596 1093 2631 bonitas
1110 2595 1312 2641 bonignitas
1323 2594 1343 2629 Ι
1426 2593 1469 2630 16
1485 2602 1847 2641 quarum—agnoscas

277 2658 382 2695 om.H
442 2659 482 2694 17
495 2656 564 2704 uel]
579 2644 622 2692 rit
633 2658 661 2693 C
721 2657 762 2692 18
780 2655 902 2702 quam]
919 2665 984 2690 con
996 2656 1028 2690 A
1091 2655 1282 2701 mebraque
1297 2654 1376 2699 (om.
1395 2655 1514 2700 quem)
1526 2653 1555 2688 Ο
1602 2650 1847 2688 19coler6AH

274 2717 417 2753 innanis
429 2718 462 2752 A
529 2717 625 2753 estE
699 2716 741 2752 20
756 2715 968 2761 imploratus
978 2715 1013 2750 H
1088 2714 1285 2759 corporeius
1296 2713 1329 2748 A
1403 2713 1444 2748 21
1462 2723 1544 2749 usus
1556 2711 1585 2747 C
1667 2710 1846 2747 Audiante

276 2777 354 2822 (om.
374 2779 424 2822 te)
435 2777 469 2812 A
549 2776 591 2811 22
607 2786 688 2812 eum
705 2776 806 2812 om.A
910 2774 953 2809 23
968 2772 1103 2821 inquis]
1118 2773 1208 2809 diois
1218 2773 1237 2807 b
1335 2771 1615 2808 disoribunturc
1713 2770 1756 2805 25
1771 2779 1808 2806 os
1818 2769 1848 2805 0

278 2836 377 2872 lauas
393 2848 429 2872 se
441 2836 556 2872 CEmI
611 2836 749 2882 linguas
760 2835 796 2870 H
866 2834 983 2869 fauces
993 2833 1022 2869 Ο
1090 2843 1152 2879 per
1166 2832 1266 2869 om.A

1873 973 1915 1004 10

1877 1299 1914 1329 15

1874 1625 1917 1655 20

1871 1967 1912 1997 25
