2028 3204
216 216 302 258 414
651 228 708 262 IV.
742 227 795 262 De
824 230 955 263 natura
984 230 1022 264 et
1051 227 1186 275 origine
1216 228 1355 265 animae

213 354 377 392 constet
399 363 484 392 esse
505 349 660 405 ahquid
683 350 724 392 in
745 350 899 401 anima,
921 350 1030 406 quod
1052 350 1216 405 proprie
1237 350 1406 405 spiritus
1427 351 1677 404 nominetur,
1700 365 1783 408 quo

211 419 384 470 excepto
422 416 585 470 proprie
621 415 861 458 nominatur
897 420 940 458 et
975 415 1129 467 anima,
1166 415 1250 457 iam
1285 416 1337 458 de
1374 415 1494 459 rebus
1530 416 1630 472 ipsis
1666 417 1782 461 nulla

212 480 424 522 contentio
451 486 527 531 est,
557 481 800 535 praesertim
827 480 926 536 quia
952 480 1051 522 illud
1081 480 1208 522 etiam
1234 493 1306 535 ego
1334 481 1424 523 dico
1451 482 1612 537 proprie
1638 483 1785 526 uocari¹

211 546 404 600 spiritum
425 546 535 601 quod
562 551 603 587 et
628 550 674 587 tu
699 546 814 597 dicis,
838 546 881 588 id
899 551 969 588 est
994 559 1076 601 quo
1100 545 1398 588 ratiocinamur
1422 551 1464 589 et
1488 546 1778 602 intellegimus,

211 611 379 665 quando
409 611 470 653 ita
498 611 695 653 distincte
726 611 807 653 ista
835 611 1042 663 dicuntur,
1073 610 1425 666 quemadmodum
1454 612 1668 667 apostolus
1696 613 1777 656 ait:

213 680 269 718 et
299 676 547 730 intcger
576 676 850 731 spiritus
885 680 1096 718 uester
1130 681 1185 718 et
1220 676 1420 718 anima
1453 681 1510 719 et
1543 690 1776 733 corpus.

210 741 320 783 hunc
347 746 486 783 autem
512 742 704 796 spiritum
732 741 858 783 etiam
885 746 1065 783 mentem
1093 741 1259 783 uidetur
1285 741 1507 796 appellare,
1535 755 1631 785 cum
1657 742 1779 785 dicit:

212 811 409 848 mente
453 807 660 849 seruio
707 807 827 859 legi
873 806 980 857 dei,
1027 819 1207 849 carne
1252 811 1453 849 autem
1498 807 1619 863 legi
1658 821 1781 863 pec-

211 872 352 914 cati.
388 886 486 914 nam
510 872 600 927 ipsa
625 873 832 914 sententia
856 877 937 913 est:
980 876 1035 913 et
1074 885 1211 914 caro
1250 873 1655 927 concupiscit
1692 873 1780 916 ad-

210 950 428 979 uersus
496 937 807 993 spiritum,
871 937 1142 991 spiritus
1210 942 1412 979 autem
1478 937 1778 981 aduersus

212 1016 234 1044 c
252 1017 275 1044 a
293 1016 312 1043 r
329 1017 355 1044 n
373 1016 393 1044 e
411 1017 466 1055 m,
497 1008 545 1045 ut
565 1003 675 1058 quod
696 1003 753 1044 ibi
781 1003 886 1045 dixit
907 1007 1102 1053 mentem,
1123 1003 1199 1044 hoc
1222 1002 1485 1059 intellegatur
1503 1003 1569 1045 hic
1589 1003 1782 1058 spiritum

209 1068 357 1119 dicere,
371 1082 468 1119 non,
490 1069 596 1110 sicut
614 1073 661 1110 tu
681 1068 908 1119 existimas,
930 1067 1178 1109 ‘uniuersam
1196 1073 1378 1110 mentem
1395 1069 1548 1120 uocari,
1562 1082 1668 1123 quae
1687 1082 1782 1111 con-

211 1138 298 1175 stat
323 1147 376 1174 ex
400 1133 542 1176 anima
568 1137 610 1175 et
636 1134 811 1188 spiritu‘,
839 1133 949 1187 quod
976 1133 1048 1175 ubi
1074 1133 1215 1187 legeris
1241 1134 1389 1175 nescio.
1421 1138 1601 1175 mentem
1628 1135 1780 1190 quippe

210 1203 397 1241 nostram
421 1199 499 1241 nisi
522 1199 723 1241 rationale
748 1203 789 1240 et
813 1197 1090 1240 intellectuale
1114 1202 1303 1240 nostrum
1326 1199 1459 1240 dicere
1484 1212 1564 1240 non
1589 1199 1777 1242 solemus.

208 1278 257 1306 ac
283 1276 357 1319 per
380 1264 458 1305 hoc
484 1264 594 1319 quod
619 1264 680 1306 ait
703 1264 814 1306 idem
840 1263 1070 1318 apostolus:
1112 1277 1132 1305 r
1148 1277 1170 1306 e
1187 1277 1214 1305 n
1230 1277 1254 1305 o
1271 1277 1297 1305 u
1315 1278 1340 1306 a
1356 1263 1471 1305 min
1491 1264 1502 1305 i
1543 1277 1604 1318 sp
1623 1264 1635 1305 i
1652 1277 1672 1305 r
1688 1265 1701 1306 i
1717 1269 1737 1306 t
1752 1278 1780 1306 u

211 1343 253 1371 m
271 1343 291 1371 e
310 1343 335 1370 n
353 1333 370 1370 t
390 1330 401 1370 i
419 1343 436 1370 s
469 1344 495 1371 u
514 1344 534 1371 e
552 1343 568 1370 s
588 1335 604 1370 t
622 1343 642 1371 r
658 1343 681 1371 a
700 1343 733 1380 e,
767 1329 867 1384 quid
899 1329 1011 1371 aliud
1042 1329 1151 1370 dixit
1182 1342 1307 1383 quam
1342 1329 1610 1371 ‘renouamini
1642 1333 1779 1372 mente

210 1394 395 1436 uestra‘?
424 1395 479 1435 sic
506 1395 615 1436 enim
643 1394 812 1449 spiritus
839 1394 989 1436 mentis
1016 1393 1117 1435 nihil
1143 1400 1206 1436 est
1231 1394 1344 1436 aliud
1371 1407 1498 1449 quam
1523 1407 1652 1446 menS,
1680 1407 1780 1450 quo·

213 1461 337 1501 modo
362 1473 509 1514 corpus
533 1460 665 1502 carnis
688 1459 791 1502 nihil
814 1459 925 1502 aliud
949 1463 1091 1514 potest
1115 1472 1200 1501 esse
1224 1473 1349 1514 quam
1373 1472 1480 1501 caro.
1517 1473 1612 1502 nam
1638 1463 1680 1501 et
1703 1460 1779 1502 hoc

209 1525 413 1580 scriptum
452 1531 532 1567 est:
600 1526 656 1567 in
717 1524 1161 1580 expoliatione
1223 1525 1506 1580 corporis
1554 1525 1776 1577 carnis,

209 1590 280 1632 ubi
301 1603 467 1632 carnem
485 1604 631 1646 corpus
651 1591 785 1633 carnis
804 1589 1001 1645 appellat.
1038 1589 1140 1631 dicit
1159 1603 1257 1632 sane
1278 1594 1319 1632 et
1339 1590 1419 1631 alio
1441 1591 1563 1632 modo
1586 1590 1778 1645 spiritum

208 1656 399 1707 hominis,
428 1669 551 1711 quem
576 1669 741 1711 prorsus
768 1669 792 1698 a
816 1659 955 1697 mente
979 1655 1194 1697 discernit:
1237 1655 1285 1696 si
1326 1669 1346 1696 e
1363 1669 1389 1697 n
1408 1655 1418 1696 i
1439 1669 1481 1697 m
1520 1669 1542 1696 o
1560 1668 1580 1696 r
1597 1669 1621 1697 a
1637 1669 1663 1697 u
1681 1668 1702 1697 e
1718 1667 1739 1696 r
1757 1669 1779 1697 o

209 1720 434 1774 lingua,
468 1721 620 1777 inquit,
664 1721 936 1776 spiritus
984 1733 1142 1762 meus
1190 1725 1338 1770 orat,
1371 1733 1531 1762 mens
1578 1724 1778 1762 autem

210 1800 252 1827 m
269 1800 290 1827 e
309 1800 334 1828 a
382 1786 671 1828 infructu
690 1800 712 1828 o
730 1799 748 1827 s
766 1799 791 1828 a
839 1799 859 1827 e
876 1799 894 1826 s
911 1790 942 1827 t.
992 1797 1137 1827 uerum
1169 1799 1279 1827 nunc
1313 1799 1395 1827 non
1429 1786 1480 1827 dc
1514 1785 1595 1827 isto
1630 1785 1778 1840 spiritu

207 1850 427 1906 loquimur,
449 1852 521 1907 qui
539 1856 602 1893 est
621 1865 645 1892 a
663 1854 801 1893 mente
818 1850 1040 1893 distinctus
1061 1850 1257 1907 —habet
1280 1850 1358 1892 iste
1377 1863 1496 1892 suam
1519 1850 1776 1906 eandemque

207 1916 421 1959 difficilem
445 1917 749 1971 quaestionem;
783 1915 923 1958 multis
947 1915 1058 1957 enim
1081 1915 1213 1958 modis
1236 1920 1363 1970 atque
1387 1915 1429 1957 in
1452 1915 1625 1957 diuersis
1652 1915 1775 1970 signi-

209 1981 473 2024 ficationibus
504 1982 732 2037 scripturae
756 1982 921 2023 diuinae
948 1981 1140 2035 spiritum
1163 1981 1381 2023 nominant
1406 2009 1470 2035 —‚
1509 1981 1579 2022 sed
1618 1980 1670 2022 de
1696 1993 1777 2035 quo

208 2061 316 2089 nunc
336 2048 510 2101 agimus,
524 2061 606 2102 quo
625 2047 935 2097 ratiocinamur,
955 2046 1245 2101 intellegimus,
1265 2047 1462 2101 sapimus,
1483 2050 1649 2087 constat
1668 2045 1777 2087 inter

210 2126 284 2154 nos
309 2113 364 2154 sie
389 2126 483 2155 eum
508 2113 634 2154 etiam
659 2113 820 2167 proprie
844 2112 1036 2167 spiritum
1059 2112 1302 2167 nuncupari,
1326 2116 1376 2153 ut
1400 2125 1482 2153 non
1507 2111 1561 2153 sit
1584 2111 1778 2153 uniuersa

308 2256 329 2290 6
357 2256 374 2291 1
399 2256 515 2291 Thess.
542 2256 572 2300 5,
602 2257 645 2292 23
750 2258 771 2292 8
798 2256 899 2291 Rom.
928 2257 958 2299 7,
986 2257 1028 2291 25
1130 2256 1150 2290 9
1177 2255 1254 2291 Gal.
1279 2257 1311 2298 5,
1341 2257 1381 2290 17
1475 2257 1517 2291 12
1542 2254 1631 2290 Vinc
1658 2254 1779 2290 Victor

209 2315 250 2351 15
275 2315 365 2361 Eph.
394 2318 424 2360 4,
452 2316 496 2352 23
585 2316 627 2350 19
644 2315 715 2356 Col.
733 2316 762 2359 2,
784 2318 822 2351 11
915 2316 956 2351 21
977 2315 1089 2351 IGor.
1109 2317 1162 2359 14,
1183 2317 1223 2351 14

309 2413 326 2446 1
345 2410 480 2456 aliquid
495 2422 567 2446 esse
582 2412 614 2446 D
674 2410 711 2445 in
726 2410 847 2446 anima
863 2410 1000 2458 aliquid
1014 2411 1047 2445 E
1113 2410 1259 2456 spiritus
1275 2420 1337 2446 om.
1350 2409 1436 2456 Euq.
1449 2409 1526 2446 MV
1587 2409 1777 2455 spiritus-—

206 2474 353 2516 excepto
371 2471 512 2507 om.1m1
587 2461 614 2505 Η
630 2470 872 2506 nomineturE
887 2470 1093 2506 nominatur
1108 2470 1194 2517 Euq.
1206 2467 1285 2505 MV
1375 2470 1396 2505 2
1411 2472 1532 2516 scepto
1544 2469 1576 2504 A
1664 2468 1779 2504 nomi-

206 2534 310 2566 netur
323 2531 354 2566 Τ
407 2532 428 2566 4
445 2530 530 2578 quo]
547 2529 648 2577 quiG
706 2529 727 2564 5
744 2529 889 2577 distigte
901 2530 934 2564 A
948 2529 1138 2566 distinctae
1152 2528 1184 2563 B
1235 2527 1304 2576 ait]
1315 2528 1446 2565 dicitE
1499 2529 1521 2565 8
1537 2539 1641 2565 carne
1657 2531 1776 2565 autem

207 2590 280 2637 lege
295 2589 485 2626 BC'm2DH
546 2590 588 2625 10
604 2588 750 2634 spiritus
766 2588 900 2636 autem]
917 2592 954 2624 et
969 2589 1115 2635 spiritus
1128 2587 1270 2625 BGITd
1330 2589 1370 2624 11
1387 2587 1478 2624 dicit
1487 2588 1599 2625 Ade
1658 2590 1776 2624 mente

207 2650 293 2697 Euq.
372 2650 414 2685 12
429 2653 472 2685 tu
487 2660 549 2686 om.
558 2648 640 2685 301
645 2649 695 2685 Tb
769 2648 959 2685 exestimas
971 2650 1004 2684 A
1018 2648 1230 2685 exaestimas
1241 2648 1270 2684 Ο
1349 2647 1392 2683 15
1407 2646 1518 2694 idem]
1533 2647 1676 2695 quidem
1687 2647 1774 2694 Euq.

207 2709 429 2745 renouamini
443 2712 563 2745 autem
578 2708 737 2745 301de
789 2699 911 2755 ffiD
966 2708 1008 2744 16
1025 2708 1166 2745 dicitbd
1211 2706 1334 2755 quam]
1349 2706 1419 2743 m'si
1431 2705 1557 2743 BGlbd
1600 2706 1643 2743 20
1659 2706 1776 2744 camis

207 2779 269 2804 om.
283 2769 368 2815 Euq.
428 2769 473 2805 23
488 2767 556 2814 est]
572 2768 641 2804 erit
651 2769 682 2804 Ε
741 2779 814 2804 non
829 2767 965 2804 moll>
1025 2768 1068 2804 27
1085 2766 1327 2804 constanter-G
1381 2766 1424 2803 28
1438 2765 1679 2812 nuncuparis.
1698 2776 1774 2812 emp.

206 2827 383 2864 nominari
395 2828 472 2864 1m1
1437 2854 1439 2856 -
1784 2850 1787 2852 -

1809 953 1850 983 1⁰

1812 1279 1849 1308 15

1806 1605 1848 1634 20

1803 1929 1845 1959 25
