2028 3204
850 197 938 234 uber
969 196 1026 233 111
1058 198 1090 240 7.
1123 197 1251 233 20-231
1764 186 1838 229 511

258 323 370 379 quod
400 322 610 379 displicet;
641 323 682 366 in
712 323 796 380 lege
826 328 968 366 autem
997 322 1158 366 iustitia
1186 327 1250 365 est
1280 322 1432 365 seruire
1461 322 1624 366 litterae
1654 327 1695 365 et
1724 327 1845 365 extra

258 402 350 431 eam
372 389 533 432 nullum
555 389 620 432 dei
638 389 893 433 adiutorium
915 389 970 432 ad
991 394 1102 432 recte
1125 389 1351 431 uiuendum
1375 388 1591 444 requirere.
1615 402 1710 431 cum
1731 389 1841 431 enim

259 453 451 498 dixisset':
479 468 593 498 non
628 455 859 499 habens
891 468 1071 498 meam
1098 454 1423 497 iustitiam
1450 468 1602 510 quae
1627 454 1843 509 exlege

259 525 364 571 est,
402 521 503 563 sed
538 534 661 564 eam
697 534 848 577 quae
884 525 976 564 est
1011 534 1113 577 per
1148 520 1335 563 fidem
1370 520 1627 572 Christi}
1658 521 1840 563 addidit:

213 598 231 626 ι’»
260 599 287 642 q
305 600 331 629 u
349 600 375 629 a
391 600 413 629 e
447 601 469 629 e
486 601 504 629 s
521 592 539 629 t
574 601 595 630 e
608 600 636 629 x
670 587 697 630 d
714 601 735 630 e
752 600 789 630 o.
819 586 909 643 ipsa
926 591 989 630 est
1006 600 1099 642 ergo
1118 586 1281 629 iustitia
1297 586 1376 637 dei,
1399 600 1525 642 quam
1542 586 1709 642 superbi
1728 586 1841 641 igno-

192 926 232 956 10

188 1255 229 1285 15

187 1585 233 1615 ⁴20

183 1914 226 1943 25

256 657 396 694 rantes
446 666 564 695 suam
613 653 762 695 uolunt
811 653 1075 696 constituere.
1129 666 1212 694 non
1262 652 1372 695 enim
1424 657 1643 708 propterea
1683 652 1844 695 iustitia

258 718 322 760 dei
346 718 510 770 dicitur,
531 718 727 774 quoniam
748 719 847 762 deus
869 732 917 761 ea
939 718 1074 761 iustus
1095 723 1172 769 est,
1197 719 1268 760 sed
1291 718 1390 774 quia
1411 718 1569 760 homini
1591 732 1642 760 ex
1665 718 1740 760 deo
1763 724 1839 760 est.

363 786 427 828 21.
459 786 694 828 Secundum
720 785 827 828 hanc
852 790 994 828 autem
1021 785 1226 828 iustitiam
1253 785 1332 836 dei,
1362 785 1438 827 hoc
1466 790 1529 827 est
1556 798 1662 840 quac
1687 798 1738 827 ex
1763 785 1839 827 deo

260 850 377 893 nobis
400 856 476 902 est,
495 864 607 894 nunc
634 851 738 894 fides
765 856 959 907 operatur
985 864 1059 907 per
1086 851 1361 894 dilectionem.
1391 850 1435 893 id
1462 855 1603 893 autem
1630 856 1839 907 operatur,

262 917 470 972 quomodo
491 918 705 973 perueniat
726 917 848 959 homo
869 917 924 960 ad
943 931 1051 968 eum,
1073 917 1115 959 in
1136 930 1260 973 quem
1279 916 1402 959 modo
1423 930 1505 959 non
1528 916 1672 959 uidens
1698 917 1839 959 credit.

259 995 381 1037 quem
392 996 485 1025 cum
503 983 668 1035 uiderit,
686 987 789 1026 tune
805 983 917 1039 quod
937 987 1027 1026 erat
1053 983 1094 1025 in
1112 983 1198 1026 fide
1215 996 1287 1038 per
1302 983 1516 1039 speculum
1534 983 1575 1024 in
1593 982 1839 1035 aenigmate.

258 1048 340 1090 iam
366 1048 443 1091 erit
468 1049 509 1091 in
535 1049 668 1104 specie
693 1049 797 1091 facie
822 1049 877 1091 ad
902 1049 1065 1100 faciem,
1087 1054 1189 1091 tunc
1216 1049 1453 1105 perficietur
1477 1054 1518 1091 et
1545 1048 1635 1105 ipsa
1660 1048 1839 1091 dilectio.

258 1114 379 1157 nimis
411 1115 566 1171 quippe
599 1115 840 1171 insipienter
874 1115 1026 1158 dicitur
1060 1119 1228 1158 tantum
1271 1114 1403 1158 amari
1437 1115 1574 1166 deum,
1611 1119 1839 1170 antequam

258 1180 462 1232 uideatur,
492 1185 698 1236 quantum
726 1181 948 1232 amabitur,
979 1194 1073 1223 cum
1103 1181 1324 1224 uidebitur.
1366 1194 1486 1236 porro
1515 1181 1548 1223 si
1577 1181 1618 1223 in
1647 1181 1723 1223 bac
1753 1181 1841 1223 uita

261 1246 326 1302 pio
350 1246 513 1289 nemine
536 1246 756 1289 dubitante
780 1252 938 1302 quanto
961 1247 1139 1303 amplius
1162 1247 1370 1303 diligimus
1394 1247 1531 1298 deum,
1555 1251 1675 1289 tanto
1699 1260 1841 1289 sumus

259 1312 404 1367 utique
429 1312 632 1364 iustiores,
658 1313 749 1368 quis
774 1313 938 1355 dubitet
964 1313 1077 1367 piam
1102 1326 1326 1368 ueramque
1352 1313 1570 1364 iustitiam,
1597 1326 1692 1355 eum
1717 1312 1841 1355 fuerit

258 1377 424 1420 dilectio
444 1378 509 1420 dei
527 1379 724 1434 perfecta,
748 1384 850 1421 tunc
874 1379 1047 1435 perfici?
1072 1383 1174 1421 tunc
1197 1392 1291 1435 ergo
1311 1379 1390 1430 lex,
1410 1378 1469 1421 ita
1487 1384 1534 1421 ut
1555 1379 1839 1421 nihilomnino

257 1443 378 1494 desit,
403 1443 639 1499 inplebitur,
663 1445 778 1487 cuius
803 1446 853 1487 le
869 1445 959 1501 gis
992 1445 1218 1487 seeundum
1239 1444 1475 1500 apostolum
1505 1445 1600 1500 ple
1618 1458 1645 1486 n
1664 1445 1676 1486 i
1692 1450 1709 1487 t
1728 1459 1754 1487 u
1773 1445 1800 1486 d
1817 1459 1840 1485 o

256 1509 527 1552 dilectio
551 1515 654 1553 est.
679 1510 1227 1566 acperhoccumdixisset:
1253 1524 1366 1553 non
1398 1510 1630 1553 habens
1662 1524 1841 1553 meam

262 1575 584 1618 iustitiam
611 1590 762 1632 quae
793 1590 854 1619 ex
879 1577 1009 1632 lege
1035 1582 1140 1628 est,
1169 1577 1270 1619 sed
1296 1590 1416 1619 eam
1443 1590 1594 1632 quac
1620 1582 1711 1619 est
1739 1590 1841 1632 per

258 1641 444 1683 fidem
478 1642 732 1693 Christi,
769 1656 919 1698 quae
953 1648 1139 1685 estex
1172 1642 1278 1685 deo
1313 1642 1577 1685 iustitia
1611 1642 1662 1684 in
1696 1642 1837 1692 fide,

255 1706 653 1750 deindesubiunxit:
679 1708 741 1750 ad
768 1721 872 1761 cog
891 1722 958 1750 no
977 1708 1160 1751 scend
1179 1722 1265 1751 um
1299 1722 1414 1751 eum
1448 1713 1499 1750 et
1535 1708 1780 1750 uirtute
1799 1722 1838 1750 m

256 1773 758 1816 resurrectionis
800 1774 919 1817 eius
960 1779 1016 1816 et
1057 1774 1687 1816 communicationem
1718 1788 1838 1829 pas·

257 1851 273 1879 s
293 1838 304 1880 i
323 1852 346 1881 o
364 1852 390 1880 n
408 1852 434 1880 u
453 1852 494 1881 m
530 1853 551 1881 e
570 1839 581 1880 i
599 1853 627 1882 u
643 1853 674 1882 s.
697 1840 798 1882 hacc
814 1840 955 1882 omnia
972 1840 1156 1882 nondum
1174 1840 1295 1895 plena
1316 1845 1357 1882 et
1380 1839 1564 1895 perfecta
1586 1840 1628 1881 in
1649 1841 1838 1895 apostolo

256 1909 387 1955 erant,
415 1904 486 1946 sed
511 1909 729 1960 tamquam
755 1905 797 1947 in
823 1905 893 1948 uia
919 1905 1077 1960 positus
1110 1906 1164 1947 ad
1190 1918 1331 1947 eorum
1359 1905 1658 1960 plenitudinem
1683 1905 1839 1960 perfec-

256 1969 494 2025 tionemque
522 1971 724 2013 currebat.
760 1984 858 2012 nam
886 1971 1092 2026 quomodo
1122 1971 1206 2013 iam
1235 1971 1415 2026 perfecte
1445 1976 1696 2026 cognouerat
1726 1971 1838 2012 (⁴hri·

256 2039 380 2085 stum,
401 2035 471 2090 qui
493 2035 817 2078 dicitalioloco:
843 2036 1446 2092 nuncscioexparte,
1470 2042 1839 2079 tuncautem

256 2114 620 2156 cognoscam
661 2102 825 2144 sicut
865 2107 920 2144 et
960 2102 1253 2158 cognitus
1286 2101 1838 2158 S11111?ctquon10doian1

356 2243 377 2277 3
395 2243 483 2278 Phil.
501 2244 533 2284 3,
551 2244 572 2278 9
678 2244 698 2278 5
716 2244 759 2279 ci.
779 2244 881 2280 Rom.
902 2244 953 2288 10,
972 2245 993 2279 3
1099 2244 1120 2279 9
1136 2244 1180 2280 ci.
1203 2244 1280 2280 Gal.
1298 2245 1330 2285 5,
1348 2244 1368 2278 6
1472 2246 1509 2279 11
1529 2245 1572 2279 cf.
1595 2244 1702 2280 ICor.
1724 2245 1775 2283 13,
1797 2245 1836 2279 12

256 2303 298 2338 18
315 2302 416 2338 Rom.
437 2304 489 2346 13,
509 2304 552 2339 10
626 2303 669 2339 19
687 2304 776 2340 Phil.
795 2305 826 2346 3,
845 2304 876 2339 9.
899 2304 939 2340 10
1013 2303 1055 2339 27
1074 2303 1090 2340 I
1107 2304 1183 2341 Cor.
1204 2306 1257 2345 13,
1277 2305 1318 2340 12

356 2400 371 2433 1
391 2397 592 2443 displicitV
607 2398 771 2445 displicet
788 2403 824 2435 et
836 2399 900 2434 OB
946 2399 966 2434 2
983 2398 1015 2434 ei
1026 2398 1089 2433 EF
1135 2400 1157 2435 3
1174 2399 1304 2445 meam]
1322 2411 1400 2435 eam
1412 2398 1504 2434 CEF
1553 2399 1693 2435 iustitia
1710 2404 1764 2435 est
1775 2398 1837 2433 EF

255 2458 278 2492 4
294 2460 350 2493 est
363 2459 437 2502 post
452 2468 544 2503 quae
560 2458 696 2494 om.OB
785 2459 806 2494 5
823 2469 868 2493 ex
883 2458 950 2494 deo
966 2464 1020 2495 est
1037 2459 1069 2494 D
1169 2470 1232 2505 ego
1246 2458 1331 2494 0n11
1424 2459 1711 2505 quam—dicitur
1727 2470 1789 2493 omi
1805 2459 1835 2493 D

253 2517 274 2551 7
300 2527 363 2551 nec
388 2515 521 2553 dicitur
545 2517 761 2563 quoniamD
852 2529 892 2554 ea
917 2518 1013 2554 om.b
1103 2519 1125 2554 9
1149 2518 1285 2565 autem]
1304 2523 1322 2555 ἓ
1339 2518 1391 2554 Db
1473 2522 1509 2554 11
1541 2519 1575 2553 in
1602 2518 1673 2554 lide
1698 2518 1834 2553 om-OB

255 2576 434 2622 enigmate
445 2575 476 2611 V
564 2577 606 2612 12
626 2577 662 2612 in
679 2576 809 2623 specie]
826 2577 1001 2623 inspectio
1013 2577 1045 2612 D
1129 2582 1167 2614 et
1181 2590 1244 2613 om.
1258 2578 1291 2613 D
1377 2579 1419 2613 13
1435 2578 1522 2613 deus
1535 2578 1565 2612 Β
1655 2578 1695 2613 16
1711 2588 1833 2613 ueram

252 2634 422 2682 piamque
439 2635 503 2671 EF
576 2636 619 2672 17
634 2636 743 2672 nichil
755 2635 875 2672 OmlB
966 2637 1009 2673 19
1023 2637 1227 2675 dilectio-0
1242 2638 1312 2683 (nis
1329 2639 1430 2681 eras.)
1506 2636 1635 2683 meam]
1653 2649 1731 2673 eam
1743 2636 1837 2672 CEF

253 2695 298 2730 20
313 2695 456 2731 iustitia
468 2697 498 2732 Ο
596 2700 651 2733 est
666 2696 799 2743 exlege
809 2696 871 2732 CV
970 2699 1045 2742 pose
1060 2707 1153 2743 quae
1167 2697 1227 2732 alt.
1245 2708 1327 2734 eras.
1347 2702 1382 2733 et
1395 2698 1424 2733 Ο
1525 2698 1569 2732 22
1584 2695 1727 2743 deinde]
1745 2696 1788 2742 de
1803 2697 1834 2732 D

253 2754 462 2792 subiuncxit
477 2755 506 2791 C
529 2755 717 2803 subiungit
727 2756 792 2792 OB
927 2757 1188 2803 agnoscendum
1199 2757 1294 2792 EFV
1312 2757 1561 2803 ignoscendum
1573 2757 1602 2792 C
1618 2758 1834 2793 noscendum

249 2813 327 2856 ΟΒ.
338 2816 380 2859 cl·
393 2812 447 2858 92,
461 2815 506 2851 14
579 2816 624 2852 24
640 2815 800 2852 nundum
813 2815 843 2851 B
859 2826 990 2862 semper
1058 2817 1102 2852 26
1119 2816 1273 2864 perfecte
1290 2817 1362 2852 iam
1374 2816 1439 2851 DV
1459 2816 1614 2863 perfecte
1630 2816 1702 2852 iam
1718 2829 1788 2854 non
1807 2818 1835 2853 C
