1976 3210
244 196 302 237 64
638 205 664 240 I.
691 206 743 240 De
767 209 993 252 peccatorum
1017 206 1152 242 meritis
1174 210 1211 243 et
1233 207 1435 244 remissione

244 329 446 372 tenetur?
480 330 567 386 ipse
599 336 711 373 certe
736 331 839 373 mihi
870 332 1009 374 fuerat
1039 346 1312 388 responsurus
1343 347 1418 389 pro
1450 334 1596 376 eodem
1624 334 1815 391 paruulo,

247 409 370 450 quem
389 401 587 451 gestaret,
609 397 795 452 quiapro
815 411 857 439 se
876 397 943 440 ille
955 398 1206 453 respondere
1225 412 1308 440 non
1320 405 1475 454 posset.
1499 400 1709 455 quomodo
1722 414 1818 456 ergo

243 461 429 504 dicturus
455 467 544 504 erat
569 476 663 505 eum
687 463 925 505 renuntiare
950 463 1128 514 diabolo,
1155 464 1270 506 cuius
1295 464 1337 506 in
1362 478 1408 507 eo
1433 465 1536 507 nihil
1560 465 1692 507 esset?
1719 479 1819 521 quo-

243 527 367 569 modo
390 528 579 570 conuerti
601 529 654 570 ad
676 529 814 579 deum,
839 541 864 570 a
886 542 967 584 quo
989 542 1073 571 non
1096 534 1202 571 esset
1225 529 1418 572 auersus?
1442 531 1605 572 credere
1627 530 1734 573 inter
1757 544 1819 573 ce-

244 598 333 634 tera
364 593 406 635 in
436 593 718 637 remissionem
750 599 1029 650 peccatorum,
1065 608 1170 650 quae
1201 595 1259 637 illi
1290 595 1405 638 nulla
1434 595 1711 638 tribueretur?
1745 610 1818 652 ego

244 658 424 713 quidem,
446 659 480 701 si
500 664 647 702 contra
666 660 767 702 haec
787 674 882 702 eum
903 660 1054 702 sentire
1075 660 1368 712 existimarem,
1392 674 1465 703 nec
1486 661 1538 703 ad
1559 667 1820 704 sacramenta

242 738 336 766 cum
361 725 535 779 paruulo
560 725 714 767 intrare
739 725 1037 781 permitterem,
1052 725 1139 782 ipse
1163 731 1305 768 autem
1330 727 1372 768 in
1397 727 1474 769 hoc
1499 740 1582 782 qua
1605 727 1741 769 fronte
1765 727 1818 769 ad

241 790 440 841 homines,
475 804 557 845 qua
586 795 725 833 mente
757 792 807 833 ad
841 792 965 834 deum
995 805 1037 833 se
1068 791 1192 834 ferret
1232 791 1373 846 ignoro
1415 805 1489 834 nec
1528 791 1622 834 uolo
1663 792 1818 847 aliquid

239 856 406 909 grauius
427 856 572 899 dicere.
610 856 758 899 falsam
778 856 903 911 igitur
924 856 989 899 uel
1008 856 1197 899 fallacem
1217 857 1327 899 tradi
1346 857 1530 913 paruulis
1550 857 1819 912 baptismatis

240 921 430 973 formam,
475 922 517 963 in
560 935 643 977 qua
683 935 828 964 sonare
879 927 1006 977 atque
1053 922 1118 977 agi
1165 922 1375 965 uideretur
1425 928 1467 964 et
1520 927 1661 965 tamen
1706 923 1818 965 nulla

242 987 361 1029 fieret
381 987 567 1029 remissio
590 993 869 1043 peccatorum,
894 988 1089 1030 uiderunt
1112 988 1239 1043 aliqui
1262 1002 1403 1030 eorum
1425 988 1528 1030 nihil
1549 988 1818 1030 execrabilius

242 1066 289 1094 ac
316 1053 603 1095 detestabilius
630 1067 748 1109 posse
775 1053 856 1095 dici
883 1058 1009 1108 atque
1037 1053 1192 1095 sentiri.
1236 1054 1408 1109 proinde
1437 1053 1547 1108 quod
1574 1054 1737 1096 adtinet
1765 1054 1817 1096 ad

243 1118 501 1173 baptismum
547 1119 830 1175 paruulorum,
879 1124 927 1161 ut
974 1119 1029 1160 eis
1077 1119 1130 1160 sit
1177 1119 1441 1170 necessarius,
1489 1119 1817 1174 redemptionem

243 1184 370 1226 etiam
395 1184 493 1240 ipsis
519 1198 621 1240 opus
646 1198 732 1226 esse
757 1185 1003 1234 concedunt,
1030 1184 1137 1226 sicut
1162 1184 1377 1226 cuiusdam
1402 1198 1543 1226 eorum
1567 1184 1703 1226 libello
1730 1184 1817 1227 bre-

240 1250 407 1292 uissimo
430 1250 679 1301 continetur,
695 1250 765 1306 qui
785 1255 928 1292 tamen
948 1249 1006 1291 ibi
1026 1250 1306 1292 remissionem
1329 1250 1498 1292 alicuius
1520 1250 1680 1305 peccati
1702 1263 1818 1305 aper-

238 1316 321 1357 tius
360 1316 586 1371 exprimere
624 1315 770 1358 noluit.
819 1315 926 1358 sicut
973 1320 1114 1357 autern
1150 1315 1252 1357 mihi
1288 1315 1374 1370 ipse
1411 1315 1560 1357 litteris
1598 1315 1815 1366 intimasti,

239 1381 427 1424 fatentur
453 1382 549 1432 iam,
579 1386 626 1423 ut
653 1381 767 1432 dicis,
796 1381 924 1423 etiam
951 1381 994 1422 in
1019 1381 1203 1436 paruulis
1230 1394 1302 1436 per
1329 1380 1586 1436 baptismum
1611 1380 1814 1422 remissio-

239 1460 333 1488 nem
362 1447 451 1489 fieri
479 1452 757 1502 peccatorum.
784 1460 858 1489 nec
885 1446 1056 1497 mirum;
1078 1460 1161 1488 non
1190 1446 1298 1488 enim
1325 1446 1556 1501 redemptio
1585 1446 1664 1488 alio
1694 1446 1816 1488 modo

241 1517 381 1567 posset
411 1512 604 1567 intellegi.
637 1526 719 1554 tnon
750 1516 881 1554 tamen
911 1512 1169 1566 oriqi‘naliter,
1200 1511 1407 1566 inquiunt,
1439 1511 1507 1554 sed
1538 1512 1583 1553 in
1612 1512 1700 1553 uita
1734 1512 1817 1553 iam

239 1579 417 1631 propria,
451 1582 705 1631 posteaquam
732 1578 821 1619 nati
848 1582 954 1628 sunt,
986 1581 1188 1631 peccatum
1215 1577 1352 1619 habere
1380 1580 1599 1630 coeperunt.

346 1645 409 1686 64.
448 1643 729 1694 Quamobrem
760 1643 875 1686 uides
908 1648 1114 1698 quantum
1143 1642 1227 1684 iam
1257 1642 1385 1684 distet
1416 1642 1523 1684 inter
1554 1655 1634 1693 eos,
1668 1646 1816 1684 contra

242 1723 343 1764 quos
365 1709 407 1751 in
428 1710 504 1751 hoc
525 1723 645 1764 opere
665 1709 736 1751 diu
756 1709 839 1750 iam
859 1709 1122 1763 multumque
1142 1708 1326 1759 disserui,
1350 1721 1525 1763 quorum
1545 1707 1674 1749 etiarn
1695 1707 1814 1749 unius

239 1774 317 1830 legi
338 1775 489 1817 librum
511 1789 559 1817 ea
580 1775 875 1826 continentem,
901 1788 1006 1829 quae
1027 1780 1075 1816 ut
1096 1773 1215 1829 potui
1234 1773 1429 1815 refutaui.
1453 1773 1561 1815 inter
1582 1772 1682 1814 istos
1705 1785 1812 1827 ergo,

240 1846 287 1882 ut
312 1840 447 1882 dicere
473 1854 701 1895 coeperam,
730 1840 801 1895 qui
827 1840 994 1881 omnino
1020 1839 1215 1895 paruulos
1241 1838 1294 1880 ab
1320 1838 1431 1881 omni
1457 1843 1641 1894 peccato,
1669 1843 1709 1879 et
1736 1837 1813 1879 ori-

236 1905 363 1961 ginali
391 1911 432 1947 et
458 1906 774 1961 proprio‚puros
804 1911 844 1947 et
872 1905 1019 1947 liberos
1047 1918 1133 1947 esse
1160 1904 1403 1955 defendunt,
1433 1909 1474 1946 et
1502 1903 1615 1954 istos,
1647 1903 1717 1958 qui
1745 1916 1813 1945 eos

237 1971 320 2013 iam
341 1976 462 2013 natos
484 1972 652 2027 propria
671 1976 826 2026 putant
847 1970 1102 2012 contraxisse
1123 1975 1306 2025 peccata,
1330 1983 1355 2011 a
1377 1969 1526 2024 quibus
1547 1982 1615 2011 eos
1637 1968 1814 2010 credunt

236 2050 307 2092 per
335 2037 591 2092 baptismum
619 2041 806 2092 oportere
834 2036 1011 2091 purgari,
1042 2040 1247 2091 quantum
1273 2034 1439 2077 intersit
1466 2034 1593 2077 uides.
1637 2033 1809 2089 proinde

328 2168 370 2202 19
394 2167 570 2212 Pelagiani

328 2276 343 2309 1
371 2273 456 2308 mihi
480 2278 570 2308 certe
595 2274 626 2308 A
760 2273 859 2308 edem
877 2273 908 2307 V
911 2274 964 2307 ml
1079 2273 1099 2307 2
1122 2272 1177 2307 ille
1201 2283 1262 2318 pro
1285 2283 1321 2307 se
1344 2271 1478 2306 KAMb
1590 2269 1699 2317 possit
1720 2269 1810 2305 Kml

237 2334 258 2368 3
271 2333 486 2368 renuntiasse
502 2334 544 2367 M
591 2335 610 2368 4
625 2332 798 2367 conuertit
814 2334 846 2367 A
893 2344 915 2367 a
928 2332 1122 2367 IsnssSGml
1171 2323 1255 2366 <iffi
1267 2332 1299 2366 A
1345 2333 1365 2367 5
1381 2331 1417 2367 in
1428 2341 1493 2366 ras.
1504 2330 1544 2371 L,
1558 2329 1676 2374 expG,
1688 2329 1813 2364 om.SP

236 2392 435 2427 remissione
448 2393 475 2427 S
667 2393 738 2427 ulla
753 2391 984 2427 LmISleG
1185 2392 1206 2425 6
1223 2390 1465 2436 exestimarem
1477 2390 1505 2424 L
1523 2388 1766 2424 exestimarem
1785 2388 1812 2423 S

233 2453 254 2487 8
275 2452 362 2487 ferre
382 2453 414 2487 A
530 2453 551 2487 9
571 2451 724 2498 paruulis
745 2451 837 2486 tradi
856 2451 942 2486 KCb
1062 2449 1172 2486 tradit
1190 2450 1233 2484 M
1346 2451 1388 2485 10
1412 2460 1481 2496 quo
1502 2449 1574 2484 SM
1672 2452 1812 2483 sonaret

235 2512 330 2557 quod
376 2511 498 2557 utique
538 2511 594 2557 agi
633 2511 703 2547 uid.
732 2511 751 2545 b
910 2509 1048 2555 sonare]
1085 2510 1160 2545 add.
1206 2509 1329 2555 utique
1359 2520 1377 2544 2
1563 2510 1670 2553 atque
1706 2519 1769 2543 om.
1793 2518 1812 2542 z

236 2573 274 2606 11
293 2571 537 2606 exsecrabilius
554 2571 682 2606 PCMd
758 2572 800 2606 12
818 2569 885 2605 dici
900 2580 998 2617 posse
1011 2569 1072 2604 zbd
1131 2570 1172 2605 13
1186 2568 1398 2616 baptismom
1411 2568 1500 2603 Sao.
1574 2566 1810 2613 redemptione

235 2631 418 2675 [sp.c.Mbd
491 2633 532 2666 14
550 2630 634 2676 ipsis
652 2629 758 2665 etiam
775 2630 815 2664 zd
881 2631 923 2665 15
941 2628 1095 2676 peccati*
1106 2628 1135 2663 G
1200 2629 1241 2664 16
1257 2628 1384 2664 nolunt
1399 2626 1628 2663 LmISVPGb
1648 2625 1762 2662 uoluit
1781 2625 1812 2660 T

235 2689 307 2736 ipse
318 2689 404 2724 mihi
414 2690 446 2724 A
521 2690 563 2726 19
579 2689 689 2736 possit
700 2689 735 2724 K
745 2699 845 2736 posse
855 2690 887 2724 A
961 2690 1004 2724 20
1014 2689 1104 2724 habe
1114 2688 1147 2722 A
1217 2689 1255 2723 21
1269 2687 1379 2723 distat
1388 2686 1459 2722 KA
1530 2687 1573 2722 22
1583 2684 1711 2721 diserui
1722 2684 1807 2720 le

235 2748 387 2784 desserui
398 2750 439 2783 M
516 2750 558 2785 23
569 2749 695 2783 librum
706 2748 772 2795 legi
786 2749 816 2783 P
890 2746 1079 2793 refugitaui
1090 2746 1121 2782 V
1196 2746 1280 2783 istos
1292 2746 1332 2782 in
1341 2757 1407 2782 ras.
1416 2745 1502 2782 Gm2
1591 2746 1635 2781 24
1646 2748 1686 2780 ut
1696 2743 1808 2779 dicere

234 2819 276 2843 ex
299 2807 415 2843 uidere
435 2808 463 2844 S
571 2808 683 2843 dicere
701 2819 763 2843 om.
785 2808 821 2843 K
932 2802 983 2843 26'
992 2810 1094 2842 notos
1113 2795 1177 2841 Va.
1195 2817 1222 2841 c.
1315 2807 1357 2842 27
1377 2815 1438 2852 per
1456 2803 1672 2851 baptismum
1690 2814 1753 2839 om.
1775 2803 1808 2838 A

1846 609 1864 637 5

1847 934 1888 963 lo

1848 1261 1886 1290 15

1843 1588 1886 1617 20

1841 1915 1883 1944 25
