1976 3210
692 234 780 271 liber
812 233 828 269 1
860 235 914 277 27,
945 234 1091 275 54—28‚
1123 234 1167 269 55
1658 224 1715 266 53

134 363 425 407 ostendere
452 360 538 404 illi
562 361 733 404 lucem
757 364 806 403 et
829 360 1052 416 figurare
1076 372 1161 415 per
1184 371 1401 409 sensum,
1429 358 1716 401 iustificare

140 430 338 472 iustum
375 428 500 471 bene
536 426 846 470 seruientem
885 425 1132 482 pluribuS,
1174 429 1224 467 et
1261 429 1470 480 peccata
1504 423 1713 466 illorum

69 501 76 509 '
134 495 242 552 ipse
282 493 577 537 sustinebit.
621 497 892 549 propterea
928 492 1036 547 ipse
1075 490 1386 534 hereditabit
1439 489 1712 545 conplures

67 967 107 997 10

67 1296 105 1326 15

63 1625 106 1656 20

63 1954 106 1984 25

135 567 183 604 et
221 560 434 604 fortium
476 559 731 615 partietur
767 557 947 614 spolia,
990 562 1198 613 propter
1238 556 1371 612 quod
1410 555 1602 598 tradita
1640 560 1713 598 est

135 627 194 670 ad
229 631 438 669 mortem
467 625 636 668 anima
661 624 769 666 eius
805 628 854 666 et
885 623 1020 666 inter
1056 623 1263 678 iniquos
1300 622 1604 664 aestimatus
1642 626 1715 664 est

143 698 192 735 et
223 693 331 748 ipse
364 695 573 748 peccata
606 690 884 733 multorum
916 689 1172 732 sustinuit
1203 693 1251 731 et
1285 692 1494 743 propter
1526 687 1712 742 iniqui-

135 763 268 801 tates
304 771 475 801 eorum
512 756 736 799 traditus
772 760 857 798 est.
905 755 1086 798 adtende
1115 754 1244 797 etiam
1274 753 1376 796 illud
1407 753 1592 795 eiusdem
1621 766 1714 808 pro-

134 824 298 880 phetae,
320 824 430 880 quod
450 824 501 866 de
519 837 561 866 se
580 822 834 878 completum
853 821 1017 863 lectoris
1036 820 1165 863 etiam
1184 820 1353 862 functus
1373 818 1512 862 officio
1532 819 1575 861 in
1593 832 1714 874 syna-

133 904 240 946 goga
256 890 342 946 ipse
359 889 573 932 recitauit:
598 888 814 944 spiritus
837 887 1030 930 domini
1053 899 1206 942 super
1231 899 1315 936 me,
1344 889 1554 941 propter
1581 884 1714 940 quod

135 956 286 998 unxit
318 969 391 998 me
421 954 773 1010 euangelizare
803 952 1103 1003 humilibus,
1139 952 1277 994 misit
1308 965 1394 1002 me,
1434 955 1489 993 ut
1520 950 1717 1005 refrige-

133 1028 248 1064 rent
290 1022 375 1077 qui
413 1021 464 1063 in
505 1033 739 1077 pressura
777 1019 940 1062 cordis
978 1023 1113 1070 sunt,
1157 1017 1448 1073 praedicare
1486 1016 1711 1071 captiuis

134 1088 483 1130 remissionem
521 1091 569 1129 et
605 1086 765 1129 caecis
805 1085 983 1127 uisum.
1030 1098 1172 1127 omnes
1204 1097 1299 1139 ergo
1331 1096 1604 1139 agnoscamus
1637 1095 1710 1124 nec

135 1153 240 1196 ullus
274 1158 472 1209 exceptus
506 1152 561 1195 sit
594 1166 749 1202 eorum,
785 1151 856 1207 qui
890 1151 1083 1193 uolumus
1113 1149 1275 1205 corpori
1304 1149 1391 1191 eius
1426 1149 1605 1197 haerere,
1642 1161 1711 1203 per

135 1233 230 1262 euni
251 1218 293 1262 in
315 1219 422 1262 ouile
443 1219 530 1261 eius
550 1218 719 1269 intrare,
752 1218 803 1259 ad
820 1216 954 1259 uitam
975 1221 1017 1259 et
1038 1215 1229 1266 salutem,
1253 1228 1380 1270 quam
1401 1214 1483 1256 suis
1505 1213 1710 1269 promisit,

135 1291 380 1342 perpetuam
406 1284 627 1340 pertinere,
656 1297 810 1333 omnes,
838 1282 1023 1338 inquam,
1053 1295 1324 1336 agnoscamus
1345 1294 1454 1331 oum,
1484 1279 1574 1334 qui
1610 1292 1713 1334 pec-

136 1356 307 1393 catum
340 1364 438 1392 non
468 1350 591 1392 fecit
619 1354 668 1392 et
700 1354 908 1404 peccata
937 1352 1111 1390 nostra
1143 1346 1360 1402 pertulit
1389 1358 1596 1400 corpore
1625 1358 1713 1386 suo

135 1430 288 1472 super
316 1417 523 1471 lignum,
557 1420 612 1458 ut
639 1429 664 1458 a
694 1415 917 1470 pecc-atis
946 1413 1172 1469 sep-arati
1201 1426 1313 1454 cum
1342 1411 1549 1453 iustitia
1580 1411 1716 1452 uiua-

134 1496 254 1531 muS,
278 1482 423 1524 cuius
440 1480 802 1524 cicatricibus
824 1480 1008 1522 sanati
1033 1492 1225 1529 sumus,
1247 1477 1403 1520 infirmi
1422 1491 1517 1519 cum
1535 1490 1716 1518 essemus

135 1554 413 1603 tamquam
441 1560 636 1603 pecora
663 1546 920 1588 errantia.

241 1614 454 1656 XXVIII.
485 1614 549 1656 55.
592 1613 706 1663 Quae
738 1625 833 1654 cum
865 1611 927 1654 ita
957 1611 1053 1662 sint,
1087 1609 1294 1652 neminem
1327 1622 1528 1664 umquam
1561 1620 1716 1652 eorum.

136 1679 206 1735 qui
239 1680 291 1722 ad
324 1679 535 1722 Christum
568 1683 828 1721 accesserunt
859 1691 930 1733 per
962 1676 1234 1732 baptismum,
1267 1688 1371 1718 sana
1402 1674 1505 1716 fides
1538 1678 1579 1715 et
1612 1686 1714 1715 sana

134 1745 328 1788 doctrina
358 1745 530 1801 putauit
562 1749 784 1800 exceptum
818 1756 843 1785 a
873 1742 1011 1799 gratia
1041 1741 1291 1785 remissionis
1333 1745 1602 1797 peccatorum
1645 1752 1718 1780 nec

135 1824 221 1853 esse
243 1824 361 1866 posse
383 1810 505 1853 alicui
525 1815 690 1866 praeter
710 1823 883 1865 regnum
905 1809 990 1851 eius
1013 1813 1226 1851 aeternam
1248 1806 1439 1849 salutem.
1480 1806 1580 1847 haec
1602 1804 1713 1846 enim

134 1882 285 1932 parata
313 1882 375 1919 est
403 1876 578 1919 reuelari
606 1876 648 1919 in
677 1880 866 1931 tempore
895 1874 1133 1923 nouissimo,
1166 1874 1243 1915 hoc
1257 1878 1320 1914 est
1349 1872 1390 1914 in
1419 1870 1717 1913 resurrectione

135 1947 394 1984 mortuorum
428 1942 728 1998 pertinentium
762 1955 846 1984 non
870 1941 922 1983 ad
947 1945 1125 1982 mortem
1150 1944 1377 1989 aeternam,
1405 1951 1511 1993 quae
1536 1936 1718 1978 secunda

136 2021 248 2050 mors
263 2007 510 2064 appellatur,
527 2008 598 2050 sed
613 2008 665 2050 ad
680 2007 814 2050 uitam
829 2011 1055 2056 aeternam,
1073 2018 1199 2060 quam
1223 2003 1419 2060 promisit
1443 2016 1526 2045 non
1540 2001 1720 2043 mendax

225 2152 247 2185 9
268 2149 360 2186 Esai.
384 2151 438 2191 61,
463 2152 492 2185 1.
518 2150 599 2185 Luc.
622 2151 654 2190 4,
679 2150 730 2184 18.
758 2150 798 2184 19
856 2150 897 2184 15
923 2148 937 2182 I
964 2149 1052 2182 Petr.
1078 2148 1109 2189 2,
1133 2148 1185 2182 2⁴2.
1211 2147 1263 2182 24.
1288 2147 1330 2181 25
1392 2146 1490 2180 1801:
1519 2146 1618 2180 Rom.
1642 2145 1674 2181 5.
1698 2144 1718 2177 6

137 2211 179 2245 24
195 2210 237 2245 cf.
258 2210 271 2244 I
288 2211 379 2245 Petr.
400 2212 428 2251 1,
443 2211 464 2244 5
557 2210 599 2244 25
613 2209 656 2244 cf.
673 2210 780 2255 Apoc.
798 2210 828 2250 2,
847 2210 898 2244 11.
916 2209 969 2249 20,
984 2209 1015 2242 6.
1034 2208 1076 2243 19

228 2320 243 2353 1
268 2313 399 2363 fugare
413 2317 443 2351 P
549 2318 569 2352 2
590 2319 626 2351 et
646 2318 724 2351 ante
746 2315 902 2362 pluribus
923 2326 1004 2360 pon.
1032 2314 1061 2348 V
1169 2315 1190 2349 3
1212 2312 1425 2348 hereditauit
1449 2310 1717 2346 Lmlt’mlSl’o·

136 2378 156 2412 4
169 2376 324 2423 patietur
332 2376 379 2411 Sb
438 2376 527 2412 trad.
540 2379 594 2411 est
604 2387 660 2412 an.
673 2375 746 2410 eius
757 2375 798 2410 bd
855 2376 876 2410 5
887 2374 959 2411 ins.
973 2374 1019 2410 ad
1033 2373 1120 2409 Vm2
1180 2377 1292 2409 morte
1305 2373 1387 2407 Lml
1450 2370 1639 2407 aestimata
1652 2370 1685 2404 K
1690 2371 1717 2404 A

135 2436 158 2472 8
181 2435 223 2471 de
246 2447 281 2471 se
305 2436 406 2481 Kp.c.
430 2447 503 2471 esse
530 2436 560 2470 T
683 2435 804 2470 funtus
825 2435 908 2470 Gml
1031 2432 1151 2468 officia
1171 2433 1254 2468 Gml
1376 2431 1541 2477 sinagoga
1566 2429 1719 2464 LSGKA

137 2496 159 2531 9
175 2495 338 2534 recitabit
355 2497 387 2531 A
488 2495 645 2542 spiritus]
661 2506 765 2542 super
782 2495 814 2530 A
917 2495 959 2530 10
974 2493 1179 2539 humilibus]
1196 2491 1396 2527 hominibus
1419 2490 1452 2534 V,
1466 2489 1678 2537 pauperibus
1697 2489 1718 2521 d

137 2554 335 2602 refrigerem
355 2555 410 2591 Vd
428 2555 634 2601 refrigentur
652 2554 688 2590 K
753 2556 792 2590 11
812 2554 849 2589 hi
867 2553 930 2600 qui
947 2552 1048 2588 KC'Y
1111 2554 1152 2588 12
1168 2551 1422 2598 indulgentiam
1441 2551 1494 2595 (in
1514 2561 1577 2595 my.
1598 2547 1714 2584 temis-

135 2614 312 2660 sionem)b
423 2616 464 2650 13
487 2618 654 2662 exceptus
677 2625 740 2650 om.
768 2614 810 2649 M
915 2613 1103 2650 adhaerere
1127 2613 1146 2647 b
1251 2615 1287 2647 et
1311 2622 1372 2658 per
1396 2610 1480 2645 Lm?
1590 2611 1630 2644 14
1655 2607 1713 2652 adl

136 2684 179 2710 ac
190 2674 233 2709 M
296 2676 338 2711 15
351 2673 516 2722 pertinire
532 2674 562 2710 V
575 2673 754 2721 peruenire
767 2673 809 2709 bd
869 2672 979 2719 inqua
990 2683 1017 2708 ε.
1032 2683 1108 2718 exp.
1123 2682 1204 2717 ergo
1214 2671 1300 2706 Gm?
1374 2671 1415 2706 16
1429 2669 1464 2704 in
1478 2679 1619 2714 corpore
1632 2666 1717 2701 Sl’d

137 2744 200 2770 suo
221 2745 285 2770 om.
309 2734 344 2770 A
443 2735 483 2770 17
506 2745 528 2769 a
548 2745 612 2770 om.
636 2734 670 2771 A
765 2731 904 2769 liberati
924 2732 968 2767 M
1061 2733 1102 2768 18
1121 2729 1357 2775 cicatricibus]
1374 2728 1519 2765 uulnere
1538 2727 1721 2773 plagarum

136 2793 338 2831 Ambrosius
347 2794 387 2830 de
395 2793 479 2839 spir.
496 2794 562 2835 1‚9
627 2795 702 2838 post
710 2803 863 2829 essemus
874 2791 1054 2829 Maurinis
1063 2791 1197 2836 aliquid
1206 2791 1316 2826 deesse
1327 2789 1462 2824 uidetur
1546 2785 1668 2839 &Lista
1680 2785 1720 2819 M

139 2853 180 2889 21
191 2852 308 2890 fidoA
366 2854 410 2891 22
420 2852 616 2900 putabitM
678 2854 722 2889 23
732 2851 961 2900 posseesseA
1023 2852 1066 2888 25
1077 2862 1116 2897 q:
1129 2849 1162 2885 V
1221 2850 1264 2885 26
1285 2847 1464 2896 promittit
1474 2847 1514 2883 κά
1571 2849 1674 2881 mtax
1686 2845 1718 2880 A
