2028 3204
825 171 911 209 liber
939 172 996 208 111
1024 173 1058 215 3,
1089 174 1189 216 3-4,
1221 174 1242 209 5
1745 166 1830 209 363

252 300 304 341 do
327 299 417 353 ipso
443 311 525 341 non
550 298 605 340 sit
631 298 742 354 quod
768 298 867 354 ipse.
909 298 1010 341 dicis
1035 299 1165 341 enim:
1191 300 1390 353 numquid
1413 314 1574 342 ammae
1598 306 1754 343 nostrae
1778 308 1831 343 est

252 363 380 418 portio
412 364 513 406 utris
546 363 706 417 inflatio
737 369 807 406 aut
838 363 1017 406 homines
1047 364 1245 419 sinqimus
1277 379 1365 407 eum
1399 370 1503 407 utres
1535 366 1731 419 inflamus
1763 373 1830 409 aut

252 430 530 472 detrimentum
555 430 683 471 nostri
707 430 754 472 in
779 429 913 483 alliquo
938 430 1130 483 patimur,
1158 444 1247 472 cum
1273 431 1396 484 slatus
1422 436 1574 473 nostros
1600 432 1646 473 in
1671 432 1830 474 diuersa

252 495 482 549 partimur?
515 495 584 537 sed
603 495 763 537 nullum
781 495 962 549 patimur
980 495 1270 543 detrimentum,
1293 510 1381 538 cum
1403 510 1452 538 ez
1471 497 1584 539 nobis
1606 498 1658 539 ad
1677 498 1832 551 aliqm'd

254 561 562 603 transmittimus
579 561 735 614 flatum,
757 565 791 603 et
811 565 994 603 manente
1018 562 1064 603 in
1087 561 1202 604 nobis
1227 562 1347 615 plena
1370 562 1494 615 flatus
1519 564 1678 616 proprii
1702 564 1830 617 quali·

251 631 328 668 tate
356 631 390 668 et
422 627 571 681 inteyra
601 626 819 680 quantitate
847 626 1006 669 nullum
1035 640 1107 669 nos
1137 628 1396 669 meminimus
1426 628 1619 670 damnum
1650 643 1699 670 ex
1729 630 1830 671 utris

253 692 463 745 inflatione
484 694 639 735 sentire.
681 692 762 735 ista
783 692 1067 742 similitudine,
1093 706 1200 748 quae
1223 694 1324 736 satis
1348 694 1511 747 elegans
1536 700 1576 735 et
1601 708 1829 747 congruens

250 758 329 801 tibi
359 758 538 808 uidetur,
570 764 775 813 quantum
807 757 962 800 fallaris
992 758 1185 801 adtende.
1227 759 1351 801 deum
1382 760 1537 814 quippe
1567 760 1668 801 dicis
1700 760 1830 802 incor-

252 836 422 878 poreum
452 837 532 865 non
559 824 611 866 de
638 823 764 866 nihilo
785 837 811 866 a
834 836 877 866 se
897 823 1067 874 factam,
1095 825 1165 866 sed
1193 825 1244 866 de
1269 838 1312 866 se
1338 825 1426 879 ipso
1451 825 1634 867 animam
1660 826 1829 868 sufflare

251 902 503 944 corpoream,
538 902 632 931 cum
666 889 817 931 flatum
852 902 925 931 nos
960 889 1054 931 licet
1087 903 1342 945 corporeum,
1396 890 1653 933 subtiliorem
1687 898 1826 933 tamen

251 955 506 1005 emittamus,
535 968 663 1010 qua-m
691 960 833 997 nostra
859 960 958 997 sunt
986 968 1170 1010 corpora,
1200 969 1274 998 nec
1302 970 1396 998 eum
1424 957 1475 998 de.
1503 957 1642 998 anima
1671 963 1826 1002 nostra.

251 1021 320 1062 sed
348 1020 399 1062 de
425 1021 502 1062 hoc
529 1033 620 1063 aere
647 1033 719 1075 per
745 1021 902 1063 uiscera
928 1021 1108 1076 corporis
1135 1021 1386 1064 exhalemus.
1431 1022 1646 1076 pulmones
1674 1023 1828 1077 quippe

250 1086 402 1135 anima,
438 1086 553 1128 cuius
589 1091 695 1128 nutu
730 1092 953 1128 mouentur
986 1087 1113 1129 etiam
1149 1093 1285 1129 cetera
1320 1088 1502 1142 corporis
1538 1088 1736 1137 membra,
1774 1089 1825 1130 ad

251 1151 360 1194 hunc
399 1152 555 1194 aerium
594 1152 786 1207 spiritum
826 1152 1062 1194 ducendum
1103 1158 1230 1207 atque
1269 1153 1525 1195 reddendum
1565 1153 1672 1195 sieut
1712 1153 1827 1195 folles

250 1223 404 1259 mouet.
451 1222 616 1272 praeter
645 1218 753 1259 enim
784 1217 984 1260 alimenta
1013 1218 1144 1260 solida
1175 1223 1216 1260 et
1247 1218 1375 1265 fluxa,
1408 1219 1517 1274 unde
1548 1225 1608 1260 est
1640 1219 1755 1261 cibus
1786 1226 1826 1261 et

250 1288 387 1337 potuS,
424 1283 501 1325 hoc
537 1283 707 1325 tertium
744 1283 862 1325 nobis
897 1283 998 1325 deus
1033 1283 1278 1326 alimentum
1315 1284 1581 1326 circumfudit
1617 1298 1825 1329 aurarum.

250 1361 353 1403 quas
377 1348 436 1391 ita
459 1348 679 1404 carpimus,
705 1354 752 1390 ut
775 1348 862 1390 sine
886 1348 978 1391 cibo
1001 1355 1041 1390 et
1066 1355 1168 1404 potu
1193 1349 1262 1391 diu
1288 1363 1373 1391 esse
1397 1350 1615 1404 possimus,
1640 1350 1726 1391 sine
1751 1350 1827 1392 hoc

250 1419 390 1456 autem
414 1413 612 1456 alimento
634 1414 772 1461 tortio,
797 1414 907 1469 quod
931 1427 1032 1456 aura
1054 1414 1185 1461 nobis,
1210 1428 1316 1470 quae
1341 1416 1522 1470 undique
1545 1415 1825 1461 circumsistit.

248 1479 504 1534 spirantibus
538 1485 579 1521 et
614 1479 912 1534 respirantibus
947 1480 1129 1527 exhibet,
1166 1494 1239 1522 nee
1274 1481 1422 1534 exiguo
1457 1481 1656 1536 temporis
1689 1482 1826 1535 spatio

250 1557 467 1600 possumus
491 1545 641 1587 uiuere.
683 1545 790 1587 siout
814 1551 955 1587 autem
981 1545 1096 1588 cibus
1121 1551 1161 1587 et
1187 1552 1310 1601 potus
1336 1560 1416 1588 non
1441 1546 1574 1588 solum
1602 1547 1824 1599 ingerendi,

249 1623 391 1652 uerum
418 1610 545 1653 etiam
571 1624 644 1665 per
669 1616 831 1653 meatus
856 1611 909 1653 ad
936 1611 1013 1653 hoc
1039 1611 1254 1653 institutos
1281 1612 1469 1665 egerendi
1496 1618 1608 1661 sunt,
1637 1626 1687 1654 ne
1714 1619 1826 1654 utro-

249 1689 328 1731 que
360 1675 541 1727 laedant,
573 1676 640 1718 uel
670 1690 752 1718 non
784 1676 978 1718 intrando
1011 1677 1077 1719 uel
1106 1691 1188 1719 non
1220 1678 1422 1727 exeundo,
1456 1678 1517 1719 ita
1546 1678 1622 1719 hoc
1654 1678 1823 1719 tertium

250 1741 388 1784 flabile
411 1741 658 1784 alimentum
682 1742 780 1797 quia
803 1742 844 1784 in
870 1742 988 1784 nobis
1011 1755 1177 1785 manere
1203 1756 1284 1785 non
1308 1743 1459 1785 sinitur
1482 1757 1555 1785 nec
1580 1743 1825 1785 inmorando

248 1807 538 1862 corrumpitur,
566 1808 636 1849 sed
665 1808 845 1862 egeritur
869 1821 966 1849 mox
997 1814 1041 1850 ut
1068 1808 1280 1859 ingeritur,
1310 1822 1391 1850 non
1419 1808 1533 1859 alios,
1561 1809 1632 1850 sed
1660 1809 1823 1850 eosdem

249 1878 424 1924 meatus,
452 1873 492 1915 id
521 1879 584 1915 est
610 1886 654 1915 os
680 1878 755 1915 aut
783 1886 900 1915 nares
926 1879 1000 1915 aut
1029 1879 1265 1929 utrumque,
1294 1879 1335 1915 et
1363 1887 1446 1928 qua
1471 1874 1646 1916 intraret
1675 1880 1715 1916 et
1743 1887 1825 1929 qua

249 1938 393 1988 exiret,
424 1938 596 1993 aceepit.

354 2016 390 2057 5.
419 2015 465 2056 In
488 2020 530 2056 te
551 2015 640 2070 ipso
663 2015 740 2057 tibi
763 2015 893 2070 proba
914 2015 1000 2070 ipse
1023 2016 1133 2070 quod
1157 2016 1261 2058 dico.
1301 2016 1446 2057 emitte
1467 2016 1659 2070 spiritum
1683 2016 1824 2057 flando

249 2086 290 2122 et
322 2080 417 2122 uide
449 2085 589 2122 utrum
621 2080 756 2131 dures,
789 2080 823 2122 si
855 2094 936 2123 non
970 2081 1186 2136 receperis;
1220 2081 1353 2136 recipe
1385 2082 1624 2136 respirando
1657 2087 1697 2123 et
1731 2081 1825 2123 uide

249 2159 352 2200 quas
376 2146 547 2201 patiaris
572 2146 798 2201 angustias,
822 2146 856 2187 si
881 2159 962 2188 non
988 2159 1126 2189 rursus
1151 2147 1343 2189 emiseris.
1380 2147 1461 2188 hoc
1487 2147 1612 2203 igitur
1636 2147 1823 2192 facimus,

337 2284 352 2317 1
377 2282 480 2319 Vinc.
501 2282 622 2334 Victor

335 2374 352 2408 1
372 2372 414 2408 de
431 2383 468 2409 se
484 2372 564 2420 ipsa
574 2373 604 2408 E
700 2373 720 2408 2
737 2373 891 2410 imilatio
908 2372 938 2408 0
1027 2372 1206 2419 fungimus
1217 2373 1247 2408 C
1338 2373 1519 2409 imflamus
1531 2373 1559 2407 G
1647 2374 1669 2408 3
1684 2372 1771 2407 alico
1790 2374 1817 2406 A

251 2430 398 2467 inflatus
417 2431 450 2467 B
532 2434 555 2469 4
570 2431 728 2480 patimur
741 2432 862 2469 BDml
951 2432 997 2468 ad
1011 2431 1312 2469 om.ABCDm11‹J
1387 2434 1431 2469 ad
1447 2432 1582 2478 aliquid
1598 2432 1653 2477 (in
1666 2444 1730 2478 mq.
1748 2432 1792 2466 al.
1807 2432 1817 2466 l

255 2490 386 2538 alique)
398 2492 418 2527 b
482 2492 503 2527 5
520 2492 641 2538 plenas
656 2492 684 2528 Ο
750 2492 962 2539 qualitatem
975 2492 1006 2527 B
1066 2494 1087 2529 6
1100 2495 1139 2528 et
1154 2503 1219 2528 om.
1231 2494 1263 2528 A
1318 2495 1338 2529 7
1353 2491 1608 2533 sentire-365,
1620 2492 1639 2526 7
1657 2490 1820 2526 uiuamus

253 2561 318 2587 om.
330 2551 362 2587 Ε
427 2551 566 2598 eligans
578 2551 660 2587 BC]
737 2553 760 2588 9
777 2552 910 2590 tactum
921 2551 1014 2589 Hm2
1087 2562 1124 2588 so
1141 2564 1206 2589 om.
1217 2552 1248 2588 B
1312 2554 1354 2588 10
1371 2551 1569 2588 nosscilioet
1585 2552 1652 2596 (pr.
1667 2561 1682 2584 s
1699 2561 1725 2584 s.
1737 2550 1776 2592 l.)
1787 2549 1819 2584 D

258 2610 301 2646 12
315 2611 495 2648 exulemus
510 2611 579 2647 ΑΗ
585 2612 615 2647 Τ
679 2611 827 2659 quippe]
842 2614 956 2659 nique
970 2611 1075 2648 BITb
1093 2622 1270 2659 namquae
1282 2614 1311 2647 C
1374 2613 1417 2648 13
1431 2611 1537 2657 nutu]
1553 2615 1684 2645 natura
1699 2609 1819 2654 (rand

251 2670 393 2716 eadm
470 2671 630 2708 adhqu
694 2673 739 2710 14
759 2665 1038 2708 aereum'BHIT
1053 2682 1197 2717 aet-eum
1209 2672 1238 2708 C
1305 2672 1348 2707 15
1362 2670 1530 2707 solidetC
1598 2670 1638 2705 17
1653 2667 1737 2704 diue
1755 2671 1773 2703 e
1790 2668 1818 2702 C

251 2730 296 2766 19
307 2729 430 2767 exibet
443 2730 476 2766 B
545 2730 698 2779 tempori
714 2731 805 2768 Hml
873 2732 917 2768 20
930 2731 1107 2779 possimus
1117 2731 1210 2767 HTd
1274 2731 1314 2767 21
1333 2731 1379 2766 ad
1395 2731 1538 2783 hoc-om.
1555 2729 1584 2763 B
1648 2727 1818 2763 instituto

248 2789 432 2836 segsmndi
444 2790 477 2826 B
521 2793 736 2828 constitutos
751 2791 788 2827 H
834 2791 878 2828 24
894 2795 1057 2838 egeratur
1070 2791 1162 2828 Hml
1210 2789 1295 2826 alias
1308 2792 1338 2825 A
1386 2790 1427 2825 25
1441 2800 1479 2824 os
1493 2791 1523 2824 A
1580 2788 1623 2824 29
1636 2787 1774 2823 lacinus
1786 2788 1817 2822 A
