2028 3204
273 238 349 281 702

273 360 388 406 plane:
406 370 532 404 magna
550 359 650 404 plane
667 358 840 393 sententia
860 357 874 392 I
892 358 966 398 267,
985 359 1015 393 7.

317 419 376 453 sed
408 418 509 464 plane
540 418 626 452 illud
661 417 675 451 1
709 418 784 458 268,
817 418 869 452 22.
916 416 1016 462 plane

687 240 753 275 111.
781 239 892 275 Index
915 239 1102 274 uerborum
1126 242 1163 274 et
1185 238 1421 274 elocutionum

1091 368 1217 403 poena:
1239 368 1260 392 a
1280 357 1400 403 poenis
1419 358 1472 404 (=
1490 359 1535 395 ab
1556 359 1706 406 inferno)
1726 365 1840 397 trans-

1136 416 1215 451 ferri
1243 417 1288 451 ad
1318 417 1470 463 requiem
1502 418 1518 453 I
1545 420 1622 461 312,
1651 420 1704 456 24.

317 477 495 523 glorianda
532 476 565 511 11
601 478 676 518 274,
712 477 764 511 22.
812 487 882 510 non
916 476 1017 522 plane
1090 476 1244 521 poenalis
1268 476 1444 511 uitiositas
1470 477 1506 512 II
1527 478 1560 520 8,
1586 480 1637 514 17.
1674 479 1781 515 timor
1805 479 1841 516 II

317 536 470 571 didicisti
504 535 519 570 1
551 537 627 577 344,
664 537 715 576 18,
748 537 790 579 cl.
827 535 842 570 Ι
875 537 951 577 410,
986 537 1015 570 1.

317 596 392 636 497,
423 597 454 630 4.
500 594 534 629 II
565 596 618 636 48,
650 595 700 629 15.
731 596 786 635 53,
816 596 846 630 3.
879 596 931 636 94,
963 595 1015 629 25.

320 656 393 696 141,
419 656 460 690 19
483 657 539 689 cet.

273 714 408 760 plangit
441 713 620 759 baptizata
655 718 767 748 mater
801 724 870 747 non
906 713 1019 758 bapti-

317 777 435 807 zatum
459 773 637 818 proprium
664 772 678 806 I
703 774 779 814 471,
807 774 856 807 18.

273 833 430 878 plantare
462 832 476 866 I
507 833 581 873 106,
612 833 662 867 13.
696 833 769 873 107,
801 833 851 867 10.
881 832 957 873 538,
986 833 1018 867 3.

322 891 355 926 ll
383 892 455 932 136,
483 893 532 926 17.
559 892 634 932 239,
660 893 689 926 7.

275 951 443 986 Platonici
468 950 504 985 II
531 951 605 992 195,
629 952 663 987 3.

274 1010 468 1056 plausibilis
492 1022 602 1045 sermo
629 1010 643 1044 I
668 1012 743 1051 411,
771 1011 821 1045 10.

274 1070 429 1116 plausus:
465 1070 606 1104 remotis
640 1069 819 1115 plausibus
851 1069 972 1104 alienis
1007 1069 1022 1103 I

319 1131 394 1170 419,
421 1130 471 1164 19.

274 1189 428 1234 plebium
453 1188 683 1234 praeposit-il
707 1189 761 1229 83,
787 1189 838 1223 22.

274 1248 403 1294 plecto:
422 1248 531 1293 impia
550 1259 630 1282 uero
650 1248 743 1282 facta
761 1248 818 1293 pia
837 1248 1023 1282 seueritate

320 1307 503 1353 plectenda
527 1311 611 1342 sunt
637 1307 671 1341 ΙΙ
697 1308 771 1348 122,
798 1308 848 1342 10.

274 1367 410 1413 plenius
435 1370 539 1401 notus
569 1366 603 1400 II
631 1367 705 1408 106,
734 1368 785 1401 23.
826 1366 1023 1412 plenissime

319 1437 359 1461 ac
395 1426 594 1471 planissime
631 1426 768 1461 nouisse
807 1425 821 1460 I
857 1427 934 1467 416,
971 1427 1022 1461 16.

320 1489 491 1530 quantum
506 1486 704 1531 plenissime
722 1485 735 1519 I
751 1486 826 1527 270,
842 1487 871 1520 7.
900 1486 1025 1531 plenis-

320 1545 405 1579 sime
433 1556 536 1579 sanus
566 1545 581 1579 I
608 1545 682 1586 255,
711 1547 746 1585 4:
774 1546 817 1589 cf.
848 1544 883 1579 II
909 1546 963 1587 51,
992 1546 1022 1580 6.

323 1604 338 1639 Ι
362 1604 439 1646 349,
467 1605 517 1639 13.

275 1664 457 1710 plenitudo
494 1664 623 1708 passim
666 1664 678 1698 Ι
718 1665 770 1705 76,
812 1665 861 1699 12.
900 1665 954 1705 93,
993 1665 1023 1699 7.

323 1724 397 1765 105,
423 1725 462 1758 17
488 1727 544 1758 cet.

277 1782 398 1828 plenus
421 1794 495 1816 eum
519 1794 589 1828 qen.
617 1782 631 1816 1
654 1783 730 1823 538,
755 1784 785 1823 9,
809 1782 922 1817 ceteris
945 1783 1025 1817 locis

321 1853 396 1876 cum
419 1842 483 1877 abl.

277 1913 381 1958 plico:
418 1913 550 1948 caelum
586 1913 745 1959 plicitum
781 1918 832 1948 est
868 1917 906 1948 ut
940 1912 1026 1948 liber

325 1972 339 2006 Ι
363 1974 439 2014 413,
463 1974 495 2008 3.

277 2044 416 2090 plorans
440 2044 534 2079 filius
561 2043 596 2078 II
620 2046 694 2085 217,
722 2047 772 2079 11.

278 2115 474 2161 pluralitas:
496 2115 631 2150 facilius
650 2120 768 2150 autem
789 2116 1026 2161 pluralitatem

323 2174 503 2209 uideamus
535 2175 572 2209 in
606 2175 757 2210 subditis
793 2175 827 2210 II
863 2177 937 2216 222,
974 2177 1024 2211 13.

278 2246 356 2292 plus
383 2245 533 2280 delectat
560 2246 737 2281 defensare
772 2246 787 2280 I
814 2247 867 2287 85,
896 2248 927 2282 3.
969 2247 1026 2281 de-

323 2305 519 2350 speratione
545 2305 623 2350 plus
650 2309 797 2350 pereunt
836 2305 852 2340 I
891 2307 966 2347 262,
995 2307 1024 2341 2.

323 2364 401 2410 plus
427 2375 448 2399 a
474 2364 656 2410 pecoribus
683 2365 793 2400 distat
823 2364 838 2399 I
880 2367 956 2406 383,
995 2366 1024 2400 2.

324 2423 401 2469 plus
431 2424 550 2458 credat
583 2423 599 2458 Ι
629 2424 706 2466 523,
739 2425 791 2459 26.
836 2424 1026 2470 plurimum

323 2482 464 2518 distatI
484 2483 558 2524 182,
578 2485 628 2518 14.
653 2483 842 2529 plurimum
859 2484 1027 2529 suifraga-

324 2546 383 2577 tur
400 2542 416 2576 Ι
434 2543 509 2584 222,
527 2543 579 2578 26.
598 2542 787 2588 plurimum
807 2543 1028 2578 commendat
1070 2543 1073 2547 ’

326 2601 362 2636 II
381 2603 435 2644 72,
455 2602 507 2637 26.
543 2602 673 2647 gratias
693 2613 759 2648 ago
780 2602 969 2648 plurimum
994 2602 1029 2638 II

326 2661 400 2702 105,
425 2661 477 2697 18.

280 2720 436 2766 plusculo
464 2720 542 2756 cibo
571 2721 710 2756 crudior
739 2720 755 2756 I
783 2721 858 2763 266,
889 2722 939 2756 12.

280 2794 382 2835 πνοὴ
408 2791 424 2826 Ι
447 2792 524 2833 319,
550 2793 601 2828 17.
627 2793 680 2828 21.
705 2793 782 2834 320,
807 2794 838 2828 1.
864 2793 916 2827 16.

280 2850 443 2896 poculum
467 2851 592 2886 mortis
618 2851 634 2886 Ι
659 2852 734 2894 146,
760 2852 812 2887 22.
837 2851 915 2893 528,
940 2852 971 2887 2.
997 2852 1028 2887 3.

1137 536 1190 576 23,
1222 535 1275 571 23.
1321 536 1483 571 tenebrae
1516 537 1531 572 I
1561 539 1615 580 34,
1648 539 1702 574 27.
1746 539 1840 574 mala

1137 594 1153 629 I
1172 595 1246 636 216,
1267 595 1325 635 24;
1346 595 1389 639 cs.
1409 595 1425 630 1
1445 596 1499 637 69,
1525 597 1576 633 10.
1597 598 1671 639 235,
1693 598 1743 634 16.
1764 599 1841 640 250,

1136 655 1166 689 2.
1193 654 1268 694 295,
1293 655 1346 689 22.

1091 713 1282 758 poenaliter
1305 718 1466 749 aeternus
1492 714 1507 749 1
1533 717 1586 757 14,
1612 718 1641 751 l.

1092 772 1214 818 pollice
1241 784 1359 808 seuero
1387 773 1542 820 discerpe
1572 775 1587 809 I
1613 776 1689 817 357,
1720 777 1770 811 17.

1093 832 1243 878 polliceri
1266 843 1353 878 opus
1379 832 1413 867 II
1439 835 1512 876 177,
1540 835 1591 870 10.

1094 891 1301 937 pollicitatio
1325 893 1557 938 praemiorum
1584 893 1619 928 11
1644 896 1718 936 134,
1742 896 1772 930 3.

1095 951 1226 997 polluo:
1254 951 1428 997 apostolos
1453 952 1671 988 inmoderata
1695 953 1842 990 libidine

1140 1010 1246 1045 fuisse
1272 1010 1422 1056 pollutos
1451 1011 1466 1046 1
1491 1014 1567 1054 433,
1594 1015 1614 1047 4
1633 1030 1666 1040 Ξ
1685 1015 1760 1055 444,
1787 1014 1839 1049 24.

1141 1070 1274 1115 polluta
1297 1071 1415 1105 anima
1442 1070 1456 1105 I
1479 1071 1556 1113 526,
1582 1073 1632 1107 12.

1096 1129 1352 1175 polysyndeton:
1403 1134 1438 1165 et
1487 1136 1605 1166 tamen
1648 1132 1760 1177 surgit
1806 1139 1841 1167 et

1141 1192 1303 1223 mouetur
1324 1194 1360 1224 et
1382 1194 1501 1225 mouet
1523 1194 1558 1225 et
1581 1191 1783 1237 plerumque
1805 1191 1843 1226 in

1140 1248 1271 1283 somnis
1281 1249 1327 1283 ad
1337 1249 1445 1294 ipsius
1456 1250 1567 1295 operis
1579 1250 1841 1286 similitudinem

1141 1311 1177 1343 et
1200 1319 1281 1342 suae
1305 1309 1471 1343 motionis
1494 1309 1651 1354 peruenit
1674 1309 1781 1344 finem
1807 1310 1842 1345 ΙΙ

1142 1368 1217 1409 296,
1243 1367 1293 1402 16.
1331 1372 1366 1402 et
1388 1368 1577 1403 confitetur
1599 1374 1634 1403 et
1655 1369 1844 1414 profitetur

1142 1431 1178 1461 et
1195 1427 1281 1461 dicit
1298 1430 1333 1461 et
1350 1427 1459 1462 obicit
1478 1427 1513 1462 Il
1530 1430 1606 1470 314,
1627 1430 1677 1463 11.
1709 1439 1789 1463 nam
1808 1436 1842 1464 et

1143 1490 1283 1521 sanctae
1306 1486 1496 1532 scripturae
1520 1492 1555 1522 et
1578 1488 1705 1522 docent
1727 1493 1762 1522 et
1785 1499 1843 1523 ex-

1143 1546 1329 1580 hortantur
1348 1550 1383 1581 et
1403 1551 1519 1592 potest
1539 1558 1611 1582 esse
1631 1547 1667 1581 in
1687 1548 1843 1582 docendo

1143 1609 1179 1640 et
1207 1605 1422 1640 exhortando
1451 1606 1558 1640 etiam
1587 1606 1737 1641 hominis
1765 1618 1844 1652 ope-

1144 1665 1244 1699 ratio.
1289 1664 1324 1698 II
1353 1666 1426 1706 134,
1457 1666 1507 1700 15.
1549 1669 1782 1711 temperanter
1808 1672 1844 1701 et

1144 1724 1234 1758 iuste
1255 1728 1290 1758 et
1311 1724 1366 1769 pie
1389 1724 1403 1759 l
1425 1726 1500 1766 207,
1522 1726 1574 1760 21.
1608 1725 1789 1771 perueniat
1809 1733 1843 1760 et
1896 1739 1898 1741 ·

1143 1783 1249 1818 faciat
1264 1787 1299 1817 et
1313 1784 1413 1818 uiuat
1430 1784 1444 1818 I
1459 1785 1534 1825 207,
1550 1786 1580 1819 7.
1607 1788 1643 1819 et
1657 1785 1844 1830 praedesti-

1143 1843 1243 1877 nauit
1272 1847 1307 1878 et
1338 1843 1480 1878 uocauit
1508 1848 1543 1878 et
1572 1844 1779 1878 iustificauit
1809 1849 1843 1878 et

1143 1902 1353 1947 glorificauit
1376 1902 1391 1936 I
1412 1903 1487 1944 236,
1510 1904 1561 1938 12.
1594 1907 1630 1938 et
1649 1903 1791 1938 mentiri
1809 1910 1844 1938 et

1144 1972 1264 1996 uemm
1291 1961 1387 2007 loqui
1413 1968 1448 1997 et
1475 1962 1633 1997 confiteri
1659 1966 1695 1997 et
1721 1973 1844 2008 negare

1147 2021 1162 2055 I
1178 2022 1253 2062 312,
1272 2021 1329 2063 25;
1346 2022 1389 2066 es.
1409 2021 1423 2056 Ι
1441 2022 1516 2063 268,
1534 2022 1586 2057 25.
1603 2021 1680 2063 325,
1697 2022 1749 2057 28.
1767 2022 1843 2062 384,

1146 2082 1175 2115 1.
1193 2081 1270 2122 396,
1289 2081 1341 2116 22.
1360 2082 1437 2121 410,
1456 2082 1508 2116 22.
1542 2081 1577 2115 II
1595 2082 1649 2122 28,
1667 2082 1697 2116 2.
1719 2082 1792 2123 184,
1810 2082 1842 2116 6.

1144 2140 1221 2182 280,
1246 2140 1297 2175 16.

1099 2210 1204 2245 poma
1227 2199 1406 2244 decerpere
1432 2199 1447 2233 I
1472 2200 1547 2240 266,
1573 2200 1624 2235 12.

1099 2259 1235 2304 pondus
1263 2258 1463 2293 assertionis
1493 2258 1508 2292 Ι
1536 2260 1611 2300 344,
1640 2260 1671 2294 8.
1713 2258 1783 2294 diei
1809 2263 1845 2294 et

1143 2321 1260 2352 aestus
1296 2317 1311 2351 I
1345 2319 1421 2360 473,
1458 2318 1514 2358 18;
1549 2319 1592 2362 cs.
1630 2317 1646 2352 Ι
1679 2319 1755 2359 311,
1791 2318 1842 2354 15.

1144 2377 1294 2423 pondere
1334 2380 1371 2412 et
1409 2388 1504 2412 more
1544 2377 1701 2412 omnium
1741 2376 1845 2413 eccle-

1144 2436 1273 2471 siarum
1299 2435 1335 2470 ΙΙ
1357 2436 1412 2478 55,
1435 2437 1466 2471 6.

1100 2506 1207 2542 pono:
1234 2495 1329 2541 quod
1353 2495 1599 2530 excutiendum
1623 2495 1803 2541 posuimus
1829 2494 1846 2530 1

1146 2555 1222 2596 210,
1242 2555 1294 2590 27.
1327 2557 1508 2600 tamquam
1526 2554 1565 2589 in
1582 2554 1642 2589 uia
1661 2554 1677 2589 I
1694 2554 1771 2596 511,
1790 2554 1843 2590 25.

1102 2613 1285 2660 populares
1307 2617 1480 2649 tractatus
1506 2613 1543 2648 11
1566 2614 1640 2655 101,
1665 2614 1695 2649 2.

1102 2673 1251 2719 populus
1273 2672 1330 2708 dei
1354 2673 1371 2708 1
1394 2674 1447 2715 12,
1472 2674 1524 2709 23.

1102 2732 1274 2778 porrigere
1296 2732 1475 2767 dexteram
1498 2732 1706 2767 conantibus
1731 2731 1745 2766 1
1769 2731 1845 2773 258,

1149 2791 1200 2827 16.
1236 2802 1306 2837 quo
1327 2802 1453 2827 manus
1472 2791 1628 2837 porrigat
1650 2790 1666 2826 I
1687 2791 1764 2832 247,
1788 2791 1845 2832 163

1147 2851 1191 2895 cl.
1214 2850 1231 2885 Ι
1250 2851 1328 2893 409,
1348 2852 1400 2887 13.
1436 2850 1472 2886 II
1491 2852 1547 2892 44,
1566 2851 1599 2885 5.
1618 2850 1696 2891 310,
1718 2851 1769 2885 11.
1791 2850 1844 2885 19.
