2002 3256
311 215 372 258 VI
937 226 1243 263 Praefatio.

308 339 398 390 104,
424 340 460 382 9.
491 340 579 389 146,
606 340 642 381 5.
687 352 782 381 cum
808 352 905 382 uero
930 338 1041 381 inter
1065 351 1206 381 omnes
1231 343 1396 381 constet
1422 337 1703 393 Augustinum
1731 337 1884 381 Italam

307 417 413 460 quae
442 404 594 447 dicitur
622 409 812 447 secutum
840 418 939 454 esse,
968 403 1124 447 talibus
1151 403 1249 446 locis
1277 402 1477 445 memoria
1503 402 1674 446 alterius
1701 402 1884 446 familiae

306 469 577 524 praeferenda
593 474 694 520 erat,
709 482 966 525 quamquam
982 469 1151 512 minime
1169 469 1504 512 contenderimus
1521 468 1693 511 classem
1703 467 1768 511 LS
1775 468 1885 511 VPG

307 535 460 590 ubique
505 534 657 578 Italam
699 535 860 578 offerre.
919 536 991 578 sed
1032 535 1134 577 haec
1176 534 1424 578 difficillima
1466 547 1590 576 causa
1632 533 1883 587 diligentiori

306 600 567 656 inquisitioni
596 601 847 643 reseruanda
876 605 950 643 est.

413 666 634 708 Praeterea
660 679 802 708 eorum
829 666 1019 709 codicum
1046 665 1117 720 qui
1144 669 1376 721 sequuntur
1402 664 1505 707 alios
1531 667 1643 706 totos
1671 676 1883 719 compara-

306 731 455 781 unnus,
476 731 651 774 aliorum
670 732 873 774 maximas
892 735 1031 786 partes
1050 731 1304 773 excussimus
1321 743 1455 786 neque
1474 742 1616 773 eorum
1633 729 1883 772 uarietatem

304 797 347 839 in
369 797 686 840 adnotationem
706 797 946 851 recepimus.
986 809 1128 839 eorum
1148 796 1191 839 hi
1210 796 1265 838 ad
1286 795 1458 838 classem
1478 794 1660 837 LSVPG
1679 794 1884 837 referendi

306 867 422 905 sunt:
465 863 596 905 codex
613 863 716 905 Mus
740 863 842 904 Brit.
863 861 994 917 (Libri
1012 861 1110 904 bibl.
1132 861 1303 918 Regiae)
1326 861 1362 904 5.
1385 860 1430 903 B.
1456 861 1499 902 II
1523 873 1626 903 saec.
1647 859 1724 902 XI.
1752 861 1883 903 codex

306 927 520 970 Casalinus
547 929 598 970 83
623 928 709 982 (73)
735 940 838 971 saec.
868 927 1090 970 XI—XII.
1134 927 1266 969 codex
1289 925 1648 970 Darmstadtensis
1672 925 1751 968 524
1776 938 1880 968 saec.

306 993 527 1035 Xl-XII.
581 994 711 1036 codex
745 993 970 1048 Lipsiensis
1006 993 1130 1036 Uniu.
1168 992 1245 1035 252
1279 1005 1383 1035 saec.
1422 991 1536 1033 XIV.
1587 991 1720 1033 codex
1755 990 1879 1033 Uniu.

307 1057 522 1107 Pragensis
551 1059 666 1101 XIV.
698 1059 748 1101 D.
780 1060 841 1101 22.
874 1058 978 1101 2530
1006 1070 1109 1100 saec.
1141 1057 1254 1100 XIII
1282 1070 1344 1100 ex.
1391 1057 1522 1100 codex
1549 1056 1882 1098 vindobonensis

305 1124 383 1166 838
409 1124 525 1179 (Rec.
555 1124 678 1178 3320)
706 1137 809 1167 saec.
840 1123 941 1166 XII.
987 1124 1118 1166 codex
1144 1123 1356 1166 Parisinus
1383 1122 1537 1177 (Nouv.
1567 1121 1724 1176 Fonds)
1753 1121 1883 1163 11654

306 1189 517 1232 uariantes
541 1190 765 1244 scripturas
792 1193 885 1232 octo
910 1189 1100 1232 codicum
1125 1188 1339 1231 continens
1364 1188 1621 1243 (Apparatus
1647 1186 1882 1228 Benedicti-

305 1268 454 1297 norum
494 1254 576 1298 foll.
611 1255 866 1297 1712—1852
895 1255 952 1297 sic
987 1258 1278 1309 praenotatus:
1320 1253 1451 1309 [Tom.
1486 1254 1520 1295 7.
1557 1251 1631 1294 Sti.
1667 1251 1881 1307 Germani]

305 1320 367 1362 De
392 1320 600 1375 baptismo
624 1320 893 1376 paruulorum
919 1320 973 1362 ad
995 1321 1036 1362 5Θ
1066 1319 1140 1362 Ms.
1167 1321 1221 1361 1m
1244 1318 1465 1360 Tellerium
1488 1317 1585 1360 olim
1611 1313 1663 1359 Sti
1685 1317 1878 1359 Amandi.

306 1387 359 1428 2m
384 1386 598 1428 Beccense.
645 1387 700 1429 3¹¹¹
730 1385 989 1441 pratellense.
1036 1386 1091 1427 4¹¹²
1124 1380 1176 1427 Sti
1202 1384 1389 1431 Remigii.
1432 1384 1487 1425 5¹¹¹
1516 1382 1760 1425 Corbeiense
1788 1382 1877 1424 206.

305 1452 360 1494 6¹¹¹
379 1451 647 1493 laudunense.
675 1453 730 1494 7¹¹¹
750 1450 904 1494 Casalis
927 1450 1154 1493 Benedicti.
1180 1451 1235 1493 8¹¹¹
1254 1449 1492 1504 Cigiranni).
1520 1448 1650 1491 codex
1670 1447 1882 1490 Parisinus

305 1516 461 1571 (Nouv.
484 1517 642 1571 Fonds)
664 1517 793 1559 11646
813 1515 1053 1559 collationes
1074 1516 1194 1558 codd.
1217 1515 1517 1558 Vaticanorum
1536 1513 1782 1556 Latinorum
1803 1513 1878 1554 461

305 1595 411 1624 saec.
431 1582 496 1623 XI
513 1596 590 1632 ex,
608 1583 684 1624 445
701 1595 806 1625 saec.
825 1582 917 1632 XV,
934 1582 1009 1624 501
1028 1593 1133 1624 saec.
1151 1580 1230 1622 XV
1247 1579 1476 1630 continenS,
1494 1578 1565 1634 qui
1579 1578 1730 1620 litteris
1747 1590 1784 1629 α,
1798 1580 1838 1632 β,
1859 1595 1882 1632 γ

305 1647 458 1702 signati
488 1652 594 1690 suntv

411 1712 544 1755 Alteri
561 1712 680 1756 classi
698 1712 907 1755 codicibus
926 1711 1097 1754 KAGM
1104 1711 1139 1753 T
1154 1714 1489 1766 repraesentatae
1506 1708 1744 1764 assignandi
1761 1712 1878 1750 sunt:

305 1779 437 1820 codex
456 1777 749 1821 Goerresianus
766 1778 815 1820 51
834 1778 876 1819 in
895 1777 938 1820 40
955 1777 1050 1820 mai.
1070 1777 1154 1819 foll.
1177 1777 1253 1819 190
1270 1789 1372 1818 saec.
1395 1774 1557 1817 IX—X
1581 1787 1602 1815 e
1626 1772 1879 1816 monasterio

308 1843 346 1886 S.
368 1843 599 1894 Maximini,
617 1857 729 1886 nunc
747 1843 1016 1885 Monacensis.
1053 1843 1184 1885 codex
1206 1840 1516 1896 Scaphusiensis
1535 1840 1586 1882 28
1604 1851 1708 1881 saec.
1730 1838 1795 1880 XI
1814 1851 1877 1880 ex.

304 1910 437 1951 codex
480 1909 713 1952 Casinensis
757 1908 953 1951 CLXVII
998 1921 1101 1950 saec.
1149 1908 1250 1949 XII.
1312 1907 1444 1949 codex
1487 1904 1733 1947 Oxoniensis
1778 1903 1876 1946 bibl.

303 1974 535 2016 Canonicae
551 1975 690 2029 (Auct.
711 1974 870 2029 eccles.)
888 1975 961 2016 171
980 1986 1083 2016 saec.
1103 1971 1372 2015 XII—XIII.
1406 1971 1537 2013 codex
1555 1968 1879 2024 Stuttgartensis

305 2041 382 2082 256
413 2053 516 2082 saec.
548 2040 673 2082 XIII.

811 2105 873 2147 II.
904 2104 966 2150 De
994 2105 1144 2158 spiritu
1171 2107 1204 2145 et
1233 2103 1372 2145 littera.

410 2171 533 2212 Liber
550 2172 600 2213 de
618 2170 766 2225 spiritu
785 2174 826 2212 et
842 2170 985 2213 littera
1002 2183 1111 2212 anno
1129 2170 1206 2212 412
1225 2168 1402 2223 scriptus
1420 2171 1494 2209 est.
1529 2169 1879 2208 commemoratur

305 2236 415 2278 enim
433 2236 475 2278 in
497 2250 618 2291 opere
639 2236 701 2277 De
721 2235 805 2278 fide
825 2239 866 2278 et
888 2235 1080 2290 operibus
1100 2234 1254 2290 (CSEL
1275 2232 1371 2274 XLI
1394 2233 1459 2283 62,
1480 2231 1522 2287 2)
1541 2230 1661 2273 initio
1681 2229 1780 2272 anni
1800 2230 1879 2272 413

306 2301 486 2344 condito.
530 2301 631 2356 quid
657 2301 938 2357 Augustinum
963 2299 1249 2350 commouerit,
1276 2302 1324 2342 ut
1349 2298 1460 2340 hunc
1484 2300 1716 2339 tractatum
1740 2294 1877 2337 elucu-

305 2366 456 2417 braret,
493 2380 544 2408 ex
575 2366 705 2421 ipsius
738 2366 858 2409 initio
893 2365 1179 2420 comperimus.
1229 2364 1347 2406 lectis
1382 2361 1601 2418 opusculis,
1637 2359 1791 2402 scilicet
1825 2359 1878 2402 de

304 2436 571 2485 peccatorum
619 2431 776 2474 meritis
825 2436 867 2474 et
914 2430 1165 2481 remissione,
1215 2429 1293 2471 sibi
1342 2426 1543 2471 dedicatis
1592 2424 1877 2468 Marcellinum

304 2497 556 2551 rescripsisse
575 2497 809 2552 Augustino
830 2510 876 2539 eo
897 2495 1055 2539 moueri
1074 2509 1129 2546 se,
1151 2495 1264 2550 quod
1281 2494 1324 2535 in
1345 2492 1552 2548 superiore
1571 2503 1693 2546 opere
1710 2488 1878 2545 legisset

305 2560 393 2602 fieri
421 2575 552 2615 posse,
581 2567 628 2605 ut
655 2562 709 2604 sit
736 2563 860 2605 homo
886 2561 928 2604 in
955 2562 1034 2603 hac
1059 2560 1151 2603 uita
1175 2560 1263 2602 sine
1289 2562 1474 2614 peccato,
1502 2556 1536 2599 si
1562 2555 1678 2606 uelit,
1705 2554 1876 2597 adiutus

305 2639 330 2667 a
367 2627 456 2677 deo,
494 2640 569 2669 nec
605 2632 748 2670 tamen
785 2627 917 2670 ullum
952 2638 1154 2681 umquam
1188 2625 1232 2667 in
1267 2623 1505 2667 hominibus
1540 2626 1631 2664 tam
1667 2619 1876 2676 perfectae

303 2689 488 2733 iustitiae
508 2692 745 2747 exemplum
765 2696 939 2735 exstare.
976 2691 1072 2734 hinc
1092 2689 1325 2746 Augustino
1346 2687 1505 2731 occasio
1525 2686 1628 2730 data
1646 2689 1710 2728 est
1729 2688 1877 2727 contra.

305 2754 545 2811 Pelagianos
571 2757 828 2812 disputandi,
855 2757 926 2813 qui
952 2756 1158 2799 docebant
1182 2755 1270 2798 sine
1294 2753 1361 2798 dei
1385 2751 1593 2796 adiutorio
1617 2750 1705 2794 uim
1729 2748 1875 2793 uolun-

304 2820 406 2864 tatis
431 2819 637 2864 humanae
663 2835 736 2877 per
761 2836 803 2865 se
828 2823 963 2878 ipsam
987 2821 1194 2865 iustitiam
1218 2819 1415 2875 perficere
1439 2829 1572 2874 posse,
1606 2814 1875 2870 ostenditque
