2028 3204
101 932 140 961 ¹0

98 1260 135 1290 15

93 1608 135 1636 20

92 1936 133 1965 25

720 201 810 238 liber
843 202 879 238 11
910 202 942 244 9,
974 202 1116 245 20-10‚
1149 203 1192 239 22
1671 193 1751 236 483

172 329 336 372 initium
357 329 442 372 eius
463 342 513 371 ex
535 328 653 372 nobis
674 333 717 372 et
734 328 933 385 perfectio
953 329 1040 372 eius
1060 341 1111 372 ex
1133 330 1223 381 deo,
1251 330 1335 381 sed,
1367 330 1401 372 si
1430 330 1581 373 caritas
1602 343 1652 372 ex
1674 330 1752 372 deo

170 400 248 446 est,
272 399 365 438 tota
383 394 500 437 nobis
524 408 575 437 ex
599 394 675 438 deo
697 399 774 438 est.
799 399 965 438 auertat
986 395 1095 438 enim
1120 396 1220 438 deus
1243 396 1349 439 hanc
1372 396 1613 446 amentiam,
1638 401 1686 438 ut
1709 395 1751 437 in

169 460 286 503 donis
331 459 418 503 eius
462 474 537 503 nos
583 460 737 516 priores
781 459 996 512 faciamus,
1042 462 1313 517 posteriorem
1359 462 1506 517 ipsum,
1553 461 1752 517 quoniam

170 525 765 570 misericordiaeius
789 527 1164 582 praeueniet
1189 539 1268 570 me
1291 533 1334 570 et
1359 528 1542 583 ipseest,
1565 527 1751 570 cuifide-

170 592 264 634 liter
297 591 580 648 ueracitcrque
615 597 828 635 cantatur:
867 605 893 648 q
910 606 937 635 u
955 606 979 635 o
997 593 1052 634 ni
1070 607 1095 635 a
1112 607 1153 635 m
1188 607 1216 648 p
1233 606 1252 635 r
1270 607 1295 636 a
1310 606 1330 633 e
1349 608 1375 636 u
1393 608 1414 636 e
1432 607 1458 635 n
1477 593 1488 635 i
1507 608 1525 636 s
1542 593 1589 635 ti
1625 608 1645 636 e
1665 608 1690 636 u
1709 607 1750 635 m

167 658 223 700 in
263 657 829 701 benedictionibus
867 658 1244 701 dulcedinis.
1286 664 1329 701 et
1370 660 1470 715 quid
1510 659 1577 701 hic
1611 660 1750 714 aptius

169 723 421 780 intellegitur
446 737 571 779 quam
597 724 688 780 ipsa
712 724 762 766 de
790 737 873 780 qua
896 724 1104 780 loquimur
1124 724 1329 780 cupiditas
1356 725 1483 767 boni?
1512 730 1614 767 tunc
1639 725 1750 767 enim

166 790 322 832 bonum
357 789 588 845 concupisci
624 789 782 845 incipit,
835 790 1000 846 quando
1054 791 1286 833 dulcescere·
1331 791 1530 846 coeperit;
1582 791 1749 845 quando

168 861 309 898 autem
333 855 479 898 timore
503 867 672 911 poenae,
696 869 776 898 non
801 869 940 899 amore
962 856 1145 898 iustitiae
1170 857 1220 898 fit
1242 857 1412 907 bonum,
1438 857 1622 899 nondum
1647 857 1749 898 bene

166 921 215 963 fit
235 922 388 964 bonum
408 935 483 963 nec
501 921 551 964 fit
570 921 608 963 in
629 921 763 972 corde,
783 922 894 976 quod
914 922 1003 964 fieri
1022 922 1189 965 uidetur
1207 923 1246 964 in
1265 936 1399 978 opere,
1420 922 1586 978 quando
1605 922 1750 964 mallet

165 987 288 1029 homo
318 1000 399 1029 non
428 986 575 1038 facere,
607 987 639 1030 si
670 993 811 1043 posset
840 987 1007 1043 inpune.
1040 1001 1134 1044 ergo
1164 988 1396 1030 benedictio
1427 988 1655 1030 dulcedinis
1685 994 1749 1030 est

164 1053 300 1107 gratia
330 1052 409 1103 dei,
443 1066 527 1108 qua
556 1052 607 1096 fit
639 1053 680 1095 in
713 1053 843 1104 nobis,
876 1059 926 1096 ut
957 1067 1030 1096 nos
1056 1054 1235 1096 delectet
1262 1060 1304 1096 et
1325 1054 1553 1110 cupiamus,
1576 1054 1654 1096 hoc
1686 1059 1750 1096 est

164 1132 363 1169 amemus,
386 1119 497 1175 quod
524 1118 726 1174 praecipit
754 1119 884 1162 nobis.
924 1119 965 1161 in
994 1133 1076 1175 qua
1104 1120 1137 1161 si
1165 1134 1239 1163 nos
1267 1134 1349 1162 non
1378 1119 1591 1175 praeuenit
1632 1120 1746 1171 deus,

163 1198 242 1226 non
263 1184 395 1227 solum
418 1198 499 1227 non
517 1184 744 1240 perficitur,
775 1185 845 1227 sed
873 1198 948 1227 nec
977 1185 1197 1228 inchoatur
1218 1198 1268 1227 ex
1298 1185 1427 1229 nobis.
1460 1186 1492 1228 si
1520 1186 1630 1228 enim
1660 1186 1746 1227 sine

165 1250 232 1292 illo
254 1250 355 1292 nihil
379 1264 596 1306 possumus
620 1250 768 1302 facere,
794 1251 977 1306 profecto
1002 1265 1076 1293 nec
1100 1251 1277 1308 incipere
1302 1264 1376 1294 nec
1400 1252 1609 1307 perficere,
1635 1251 1744 1307 quia,

163 1321 210 1358 ut
247 1316 506 1371 incipiamus,
544 1316 703 1358 dictum
739 1322 822 1360 est:
860 1331 900 1359 m
918 1317 929 1358 i
949 1331 965 1359 s
983 1331 1004 1359 e
1022 1330 1040 1359 r
1056 1317 1068 1359 i
1086 1331 1107 1359 c
1125 1332 1148 1359 o
1166 1331 1185 1359 r
1202 1318 1228 1359 d
1246 1317 1257 1359 i
1276 1331 1301 1359 a
1336 1332 1357 1359 c
1375 1317 1385 1358 i
1405 1331 1465 1360 us
1504 1332 1530 1373 p
1548 1331 1567 1360 r
1583 1331 1608 1360 a
1623 1331 1644 1359 e
1663 1332 1688 1359 u
1706 1329 1747 1357 e-

163 1395 188 1423 n
207 1381 217 1423 i
236 1395 257 1423 e
276 1388 295 1424 t
337 1394 430 1432 me,
476 1387 518 1424 et
562 1387 609 1425 ut
653 1382 930 1438 perficiamus,
975 1383 1134 1425 dictum
1177 1389 1258 1426 est:
1305 1383 1594 1426 miserico
1613 1382 1747 1425 rdia

163 1447 290 1489 eius
330 1448 753 1503 subsequetur
797 1462 889 1491 me.

268 1532 321 1574 X.
344 1532 407 1574 22.
438 1530 547 1582 Quid
569 1537 631 1574 est
652 1543 759 1588 ergo,
784 1532 895 1588 quod
916 1532 958 1574 in
979 1533 1339 1588 consequentibus,
1362 1533 1433 1575 ubi
1456 1546 1517 1583 ea,
1541 1546 1645 1588 quae
1667 1532 1744 1588 ipsi

163 1597 361 1648 sentiunt,
375 1603 713 1649 commemorant,
732 1598 877 1640 dicunt
894 1610 935 1640 se
947 1598 1136 1640 confiteri
1156 1599 1345 1654 ‘gratiam
1363 1610 1527 1654 quoque
1545 1598 1744 1641 adiuuare

165 1662 486 1719 uniuscuiusque
508 1663 665 1706 bonum
700 1663 969 1719 propositum,
1005 1678 1088 1706 non
1122 1670 1264 1707 tamen
1300 1664 1522 1707 reluctanti
1558 1664 1744 1707 studium

162 1727 326 1771 uirtutis
346 1728 604 1771 inmittere‘?
622 1730 700 1772 hoc
724 1730 878 1786 quippe
898 1729 960 1772 ita
981 1730 1141 1781 dicunt,
1160 1730 1276 1773 uelut
1293 1731 1415 1773 homo
1434 1744 1459 1772 a
1481 1744 1521 1772 se
1545 1730 1632 1786 ipso
1657 1730 1743 1772 sine

161 1793 367 1837 adiutorio
396 1794 460 1837 dei
489 1795 644 1837 habeat
672 1795 929 1851 propositum
958 1796 1113 1838 bonum
1150 1796 1418 1851 studiumque
1448 1795 1628 1847 uirtutis,
1660 1809 1742 1851 quo

162 1859 307 1902 merito
323 1860 592 1916 praecedente
609 1861 757 1917 dignus
774 1861 828 1903 sit
843 1861 1034 1903 adiuuari
1050 1862 1116 1903 dei
1132 1862 1266 1918 gratia
1281 1862 1569 1917 subsequente.
1588 1866 1741 1916 putant

160 1925 269 1967 enim
289 1925 464 1969 fortasse
483 1926 545 1968 ita
565 1926 715 1968 dixisse
735 1926 989 1982 apostolum:
1014 1941 1031 1969 s
1049 1941 1069 1969 c
1086 1927 1097 1968 i
1115 1941 1156 1968 m
1175 1941 1200 1969 ιι
1218 1941 1235 1969 s
1258 1941 1283 1982 q
1302 1941 1328 1969 ιι
1346 1926 1357 1968 i
1375 1941 1401 1969 a
1420 1928 1446 1969 d
1464 1927 1475 1968 i
1493 1927 1506 1968 l
1522 1927 1533 1967 i
1551 1940 1576 1981 g
1593 1941 1613 1968 e
1631 1940 1658 1969 n
1676 1931 1694 1968 t
1712 1927 1742 1967 i-

159 1990 263 2032 bus
301 1990 469 2033 deum
495 1991 695 2034 omnia
720 1997 1144 2048 cooperantur
1179 1992 1233 2034 in
1262 1993 1478 2034 bonum
1507 1992 1611 2043 his,
1641 1991 1740 2047 qui

161 2057 491 2099 secundum
527 2057 921 2112 propositum
957 2057 1169 2100 uocati
1207 2064 1362 2109 sunt,
1399 2064 1448 2100 ut
1482 2057 1741 2113 propositum

159 2121 335 2165 hominis
357 2122 481 2165 uellet
501 2122 695 2179 intellegi,
726 2123 837 2178 quod
857 2123 1114 2179 propositum
1134 2129 1350 2179 tamquam
1371 2124 1526 2166 bonum
1546 2123 1740 2166 meritum

258 2290 288 2323 4.
309 2288 350 2323 16
368 2289 422 2324 Ps.
440 2289 497 2330 58,
517 2289 555 2323 11
664 2290 684 2324 5
702 2289 756 2325 Ps.
776 2289 830 2330 20,
847 2290 867 2324 4
974 2290 1013 2324 17
1031 2289 1086 2325 Ps.
1106 2288 1160 2331 22,
1176 2289 1197 2324 6
1308 2289 1350 2325 20
1368 2289 1526 2325 Iulianus
1541 2290 1585 2325 ct.
1603 2289 1678 2331 469,
1699 2290 1739 2323 18

160 2347 202 2381 25
223 2347 323 2383 Rom.
343 2349 376 2390 8,
394 2348 437 2384 28

260 2453 280 2488 2
296 2465 348 2499 pr.
361 2459 416 2491 est
430 2467 495 2492 om.
508 2455 612 2491 13de
693 2455 757 2491 bac
772 2454 857 2491 Om1
937 2456 958 2491 3
976 2456 1185 2501 posteriores
1200 2457 1229 2492 0
1308 2458 1329 2491 6
1346 2456 1592 2492 benedictione
1604 2455 1739 2491 CEde

158 2513 348 2549 dulcidinis
361 2515 446 2551 OmI
523 2516 546 2550 8
565 2526 587 2549 a
603 2526 682 2550 uoce
697 2515 896 2561 concupisci
914 2516 1022 2562 incip.
1033 2519 1066 2553 D
1141 2517 1162 2550 9
1179 2516 1339 2552 nundum
1353 2517 1383 2551 B
1470 2516 1512 2551 10
1530 2515 1624 2561 quod
1641 2515 1739 2551 omo

160 2573 197 2608 11
218 2573 350 2610 faceret
360 2575 444 2611 le
520 2574 776 2611 benedictionis
787 2577 820 2612 D
892 2575 961 2621 est]
977 2576 1051 2612 etO
1125 2577 1168 2612 12
1184 2587 1274 2622 quae
1282 2575 1369 2613 Om2
1444 2576 1485 2610 13
1502 2574 1660 2621 precepit
1672 2573 1739 2609 OB

159 2642 229 2668 non
247 2644 312 2670 nos
322 2634 386 2671 CD
529 2645 592 2670 nos
607 2634 706 2671 om.B
841 2636 883 2672 14
908 2634 967 2681 ex]
983 2635 1020 2671 in
1038 2636 1067 2672 C
1200 2636 1242 2671 16
1260 2634 1486 2681 incipiamus]
1503 2634 1687 2680 cupiamus
1704 2635 1737 2670 D

159 2692 200 2728 17
217 2698 255 2729 et
269 2693 379 2729 ombd
470 2695 513 2730 18
529 2694 765 2741 subsequatur
779 2695 864 2731 Om1
883 2694 1109 2741 subsequitur
1120 2695 1151 2729 V
1236 2696 1278 2731 19
1293 2706 1374 2741 ergo
1390 2695 1490 2730 om.E
1579 2694 1619 2728 21
1639 2693 1736 2729 delu-

157 2754 272 2789 ctanti
283 2752 368 2790 0m1
443 2753 488 2789 22
497 2753 694 2801 inmittere]
705 2755 781 2790 add.
795 2764 865 2800 quo
880 2754 1009 2791 merito
1019 2755 1082 2791 EF
1161 2755 1204 2790 23
1214 2755 1390 2791 uirtutum
1401 2755 1430 2790 Ο
1510 2753 1552 2788 24
1567 2753 1738 2799 gratia-0

158 2811 200 2847 25
215 2812 377 2859 apostolo
387 2812 419 2847 V
480 2813 524 2849 26
539 2819 748 2860 cooperatur
768 2814 884 2851 CEFd
962 2815 1005 2851 27
1022 2814 1141 2851 uocati
1158 2813 1257 2861 sunt]
1272 2814 1347 2850 add.
1367 2812 1554 2850 sanctiEF

1594 2882 1662 2921 31·
