2028 3204
282 155 361 198 358
716 166 774 202 IV.
809 166 863 203 De
892 171 1021 204 natura
1051 171 1088 203 et
1116 166 1251 214 origine
1278 167 1417 204 animae

248 335 259 344 ,
279 290 427 334 osculis
444 291 539 342 tuis,
559 291 598 333 id
617 296 679 333 est
697 292 922 334 assentatio
934 292 1125 334 indecens
1143 291 1352 334 adulantis
1364 287 1409 334 ef
1417 292 1653 347 deceptoria
1664 292 1848 337 lenitudo

280 356 542 399 blandientis.
592 357 739 411 quodsi
771 357 989 399 emendare
1021 357 1198 409 neglegis
1230 370 1324 399 eum
1357 357 1497 400 uideas
1528 358 1847 409 emendandum,

280 422 477 464 aduersus
503 422 720 464 caritatem
746 422 866 472 facis3
891 422 925 464 si
950 427 1091 464 autem
1116 422 1194 464 tibi
1218 422 1500 464 emendandus
1525 428 1744 478 propterea
1766 438 1848 466 non

281 487 460 536 uidetur,
480 487 578 541 quia
595 493 718 541 putas
736 501 829 529 eum
848 492 957 529 recte
976 487 1055 529 ista
1071 488 1256 537 sensisse,
1274 488 1471 530 aduersus
1489 488 1709 530 ueritatem
1725 489 1847 544 sapis.

280 557 321 594 et
343 553 435 594 ideo
459 552 525 593 ille
547 552 702 603 melior,
727 553 797 607 qui
821 553 1029 594 emendari
1053 558 1114 594 est
1137 553 1333 607 paratior,
1357 552 1389 594 si
1412 566 1493 594 non
1517 553 1692 595 defuerit
1715 567 1850 597 emen-

279 618 414 667 dator,
449 631 575 671 quam
608 623 669 668 tu,
702 618 735 659 si
770 618 834 659 uel
865 618 996 659 sciens
1028 618 1254 659 inridenter
1285 618 1515 660 contemnis
1547 624 1751 661 errantem
1785 619 1849 661 uel

281 683 465 724 nesciens
489 683 644 737 pariter
666 683 835 725 sectaris
860 695 1048 730 errorem.
1091 683 1230 725 onmia
1252 683 1394 737 itaque
1417 683 1459 724 in
1483 683 1635 725 eisdem
1659 683 1772 726 libris
1795 685 1847 726 ad

280 754 322 789 te
350 748 514 802 seriptis
544 754 585 790 et
614 748 691 789 tibi
720 748 886 790 traditis
914 748 1048 790 sobrie
1079 748 1378 803 uigilanterque
1407 749 1631 799 considera,
1663 754 1703 790 et
1733 749 1849 804 plura

280 826 407 867 quam
426 825 500 867 ego
534 814 718 855 inuenies
743 814 916 855 fortasse
942 813 1159 868 culpanda.
1202 819 1243 855 et
1269 826 1553 868 quaecumque
1578 813 1634 855 ibi
1658 820 1755 856 sunt
1780 814 1851 857 ad-

280 879 496 933 probanda
522 884 648 933 atque
675 879 897 929 laudanda,
925 879 958 920 si
986 879 1084 933 quid
1112 879 1153 920 in
1181 879 1236 920 eis
1264 892 1406 921 reuera
1432 878 1603 921 forsitan
1631 879 1849 934 ignorabas

282 951 409 998 atque
435 944 512 986 isto
538 945 762 986 disserente
787 944 980 993 didicisti,
1008 944 1220 986 euidenter
1243 944 1437 998 profitere
1462 945 1560 998 quid
1586 944 1685 986 illud
1711 945 1777 995 sit,
1804 951 1849 987 ut

280 1010 331 1050 de
354 1010 431 1050 hoc
454 1015 495 1050 te
517 1010 672 1063 gratias
695 1010 834 1061 egisse,
860 1023 941 1051 non
964 1010 1015 1051 de
1033 1009 1095 1051 his
1113 1022 1218 1064 quae
1237 1009 1317 1050 illic
1335 1009 1595 1063 inprobanda
1611 1015 1698 1051 tam
1717 1009 1849 1052 multa

283 1080 393 1124 sunt,
423 1088 564 1115 omnes
586 1075 790 1125 nouerim,
819 1075 889 1129 qui
917 1074 982 1116 uel
1008 1074 1208 1116 recitante
1235 1074 1302 1115 illo
1328 1080 1465 1116 tecum
1486 1074 1609 1116 simul
1631 1075 1849 1117 audierunt

281 1139 346 1181 uel
374 1140 537 1181 eosdem
566 1145 712 1193 postea
738 1139 862 1181 libros
890 1139 1088 1194 legerunt,
1119 1153 1168 1181 ne
1196 1140 1237 1181 in
1266 1139 1351 1181 eius
1381 1146 1525 1181 ornato
1554 1139 1715 1195 eloquio
1744 1145 1850 1182 tam—

281 1218 407 1259 quam
442 1205 482 1246 in
516 1205 694 1258 pretioso
728 1204 874 1259 poculo
908 1209 949 1246 te
981 1204 1188 1246 inuitante
1221 1204 1297 1246 etsi
1330 1218 1411 1246 non
1446 1204 1612 1246 bibente
1645 1218 1847 1247 uenenum

283 1270 441 1319 bibant,
462 1270 494 1311 si
511 1275 558 1311 tu
577 1270 675 1324 quid
695 1270 789 1311 inde
807 1269 958 1311 biberis
976 1274 1016 1311 et
1035 1270 1134 1324 quid
1153 1283 1233 1311 non
1254 1269 1402 1311 biberis
1421 1270 1607 1312 nesciunt
1625 1275 1666 1311 et
1684 1276 1852 1325 propter

281 1335 445 1377 laudem
474 1341 591 1377 tuam
620 1335 757 1377 onmia
786 1334 866 1376 illic
894 1334 1074 1377 bibenda
1100 1334 1320 1377 salubriter
1347 1334 1614 1378 arbitrantur.
1660 1336 1850 1390 quamuis

281 1406 322 1442 et
345 1400 486 1442 audire
509 1406 550 1442 et
572 1400 701 1454 legere
723 1406 763 1441 et
787 1414 892 1454 quae
914 1400 1027 1442 dicta
1047 1405 1145 1442 sunt
1166 1400 1328 1442 haurire
1350 1400 1548 1442 memoria
1569 1401 1668 1455 quid
1690 1406 1751 1442 est
1774 1401 1849 1442 nisi

283 1465 451 1507 bibere?
480 1466 548 1507 sed
567 1465 773 1520 praedixit
798 1465 990 1507 dominus
1006 1466 1056 1507 de
1073 1465 1264 1507 fidelibus
1287 1465 1382 1515 suis,
1401 1466 1510 1520 quod
1532 1471 1581 1507 et
1605 1465 1647 1507 si
1673 1465 1850 1507 morti-

281 1531 446 1572 ferum
494 1530 621 1585 quid
665 1529 919 1581 biberint,
961 1543 1061 1572 non
1103 1530 1175 1572 eis
1215 1529 1446 1573 nocebit.
1487 1544 1534 1572 ac
1567 1537 1638 1585 per
1671 1531 1748 1572 hoc
1780 1531 1849 1585 qui

271 1592 375 1638 'eum
392 1596 542 1637 iudicio
559 1596 700 1650 legunt
717 1601 757 1637 et
774 1596 1001 1638 secundum
1017 1596 1199 1650 regulam
1215 1596 1314 1638 fidei
1330 1595 1601 1650 adprobanda
1616 1595 1847 1650 adprobant

281 1667 322 1703 et
339 1661 562 1715 inprobant
578 1661 851 1716 inprobanda,
869 1661 1031 1703 etiamsi
1047 1662 1340 1703 commendant
1356 1661 1577 1703 memoriae
1593 1674 1698 1716 quae
1713 1661 1849 1715 inpro-

283 1727 422 1769 banda
447 1727 654 1777 dicuntur,
683 1726 794 1768 nulla
822 1731 1029 1769 uenenata
1053 1726 1352 1769 sententiarum
1379 1727 1587 1781 prauitate
1614 1726 1847 1768 laeduntur.

282 1792 383 1834 haec
412 1805 478 1833 me
507 1792 758 1846 grauitatem
790 1798 830 1833 et
861 1791 1097 1846 religionem
1127 1796 1245 1834 tuam
1274 1792 1360 1833 siue
1390 1797 1538 1834 mutua
1566 1791 1653 1834 siue
1682 1791 1849 1847 praeuia

281 1857 455 1899 caritate
475 1857 682 1899 monuisse
703 1857 768 1899 uel
788 1857 1087 1899 commonuisse
1107 1857 1276 1899 minime
1296 1856 1525 1911 paenitebit
1545 1856 1711 1898 domino
1731 1856 1850 1898 mise-

282 1927 413 1973 rante,
455 1922 766 1977 quomodolibet
819 1922 1008 1977 accipias,
1049 1922 1160 1977 quod
1208 1922 1285 1964 tibi
1323 1922 1650 1977 praerogandum
1689 1921 1847 1976 putaui.

281 2002 404 2042 agam
435 2001 532 2029 uero
564 1987 707 2030 uberes
738 1988 773 2029 ei
803 1987 970 2041 gratias,
1003 1988 1054 2029 de
1085 1988 1199 2030 cuius
1230 1987 1506 2029 misericordia
1536 1986 1848 2029 saluberrimum

282 2057 345 2094 est
372 2053 511 2103 fidere,
540 2053 573 2094 si
600 2052 652 2094 ab
678 2053 741 2094 his
768 2052 1048 2107 prauitatibus
1074 2058 1116 2095 et
1143 2053 1358 2103 erroribus,
1387 2065 1488 2107 quos
1515 2065 1566 2094 ex
1591 2051 1704 2094 libris
1729 2051 1850 2094 huius

376 2234 418 2269 19
438 2233 546 2269 Marc.
566 2233 616 2275 16,
636 2235 676 2269 18

377 2353 394 2387 1
410 2352 519 2387 oculis
536 2350 733 2386 BCEFde
802 2350 998 2386 indicensF
1074 2351 1243 2387 denitudo
1257 2353 1289 2387 A
1360 2353 1380 2387 2
1390 2350 1602 2397 plandientis
1614 2351 1642 2386 C
1710 2351 1732 2386 3
1746 2350 1846 2396 facis]

286 2411 382 2458 pacis
394 2411 491 2446 ABG
552 2410 792 2446 emendandus
809 2410 876 2447 tibi
887 2411 946 2446 BG
1007 2413 1028 2446 4
1044 2411 1111 2447 iste
1126 2412 1154 2446 C
1211 2411 1233 2446 5
1247 2411 1408 2447 emEdare
1419 2410 1447 2446 C
1507 2409 1676 2456 paratior]
1689 2409 1846 2456 patiorA

286 2471 310 2507 6
324 2471 352 2508 si
369 2470 465 2507 oms
504 2472 523 2506 7
536 2472 612 2505 atte
625 2471 656 2505 A
705 2469 726 2505 9
736 2470 783 2505 ab
797 2470 983 2516 probanda
994 2471 1023 2505 A
1068 2471 1110 2506 10
1124 2470 1269 2516 siquitG
1310 2471 1350 2506 11
1367 2469 1422 2516 ut]
1436 2472 1474 2506 et
1486 2470 1547 2505 OE
1594 2471 1637 2505 12
1652 2468 1720 2516 his]
1734 2468 1806 2504 illis
1817 2469 1848 2504 E

292 2532 333 2567 13
348 2534 435 2566 sunt
445 2529 531 2566 le
594 2531 771 2565 nonerunt
782 2528 893 2564 BCGb
972 2529 1043 2575 uel]
1058 2530 1139 2566 uult
1150 2529 1178 2564 C
1256 2531 1298 2565 14
1307 2532 1436 2565 ornatu
1446 2527 1659 2565 ABC'GFmI
1735 2528 1779 2564 16
1791 2539 1846 2573 pr.

285 2590 412 2626 liberes
424 2591 455 2625 A
502 2592 540 2624 et
551 2588 634 2634 sim]
651 2592 693 2624 ut
703 2589 735 2623 E
799 2589 839 2624 17
856 2588 1071 2625 arbitrentur
1083 2589 1112 2624 G
1160 2589 1202 2624 19
1217 2589 1379 2624 dominus
1393 2600 1457 2625 om.
1467 2589 1496 2624 G
1553 2587 1678 2625 meins
1690 2588 1722 2622 A
1743 2597 1801 2623 eos
1816 2587 1847 2623 E

286 2650 499 2695 quibuscum
509 2649 540 2685 A
600 2648 777 2695 quicuque
789 2649 871 2693 (om.
885 2649 981 2693 cum)
990 2648 1022 2683 E
1100 2649 1140 2684 21
1153 2647 1386 2694 εὺριοὺαηᾱε
1395 2649 1428 2683 A
1498 2648 1542 2683 22
1555 2645 1804 2683 commendent
1816 2647 1848 2682 Ε

287 2710 333 2745 23
347 2708 461 2755 nulle]
477 2708 553 2744 add.
574 2708 656 2744 lieet
668 2706 702 2743 D
792 2707 835 2743 24
850 2707 1020 2753 legionem
1033 2706 1062 2742 C
1167 2708 1207 2743 27
1224 2706 1257 2743 ei
1272 2707 1395 2744 uberes
1407 2706 1475 2743 DE
1578 2705 1804 2742 saluberrime
1816 2707 1847 2741 A

286 2767 332 2804 28
348 2768 395 2803 ab
408 2767 437 2803 is
453 2769 485 2803 A
560 2766 762 2814 prauitibus
774 2768 805 2802 A
