2028 3204
812 196 900 231 liber
932 195 989 232 111
1019 195 1052 235 5.
1087 196 1207 235 15—7,
1243 195 1282 230 17
1763 184 1842 227 305

259 323 360 379 quia
384 335 520 366 rerum
547 321 838 365 similitudines
864 321 998 364 solent
1024 333 1165 363 earum
1187 333 1322 363 rerum
1340 320 1577 363 nominibus
1599 320 1844 376 nuncupari,

260 401 436 445 quarum
458 388 610 431 similes
632 393 745 439 sunt,
767 393 816 431 ut
838 387 968 444 ipsam
991 386 1305 430 similitudinem
1327 386 1461 429 carnis
1484 385 1642 442 peccati
1666 386 1842 428 uoluisse

261 454 525 510 intellegatur
553 453 768 510 apostolus
796 453 1004 510 appellare
1031 458 1262 509 peccatum,
1293 452 1379 495 siue
1410 452 1509 507 quia
1537 452 1742 495 sacrificia
1772 465 1844 508 pro

261 519 442 576 peccatis
466 525 638 576 peccata
657 519 978 576 appellabantur
996 519 1040 561 in
1059 518 1159 574 lege,
1185 531 1288 574 quac
1318 518 1459 560 onmia
1489 518 1647 574 figurae
1672 518 1843 561 fuerunt

214 598 234 627 5
261 586 394 629 carnis
421 585 587 637 Christi,
617 585 729 642 quod
756 591 820 628 est
848 598 992 628 uerum
1020 590 1062 627 et
1090 584 1257 627 unicum
1286 584 1534 627 sacrificium
1563 579 1636 640 pro
1665 584 1844 640 peccatis

261 665 343 695 non
367 652 501 695 solum
523 652 598 703 his,
623 664 728 708 quae
750 651 941 694 uniuersa
963 651 1005 693 in
1027 650 1282 706 baptismate
1302 650 1532 701 diluuntur,
1553 663 1695 692 uerum
1716 651 1843 692 etiam

261 718 336 769 his,
367 732 472 774 quae
500 722 596 773 post
623 731 675 760 ex
701 717 823 760 huius
855 717 967 760 uitae
995 716 1240 759 infirmitate
1268 716 1511 772 subrepunt.
1544 722 1711 772 propter
1739 729 1844 771 quae

263 784 415 826 cotidie
442 784 636 826 uniuersa
665 784 707 826 in
736 783 920 826 oratione
951 782 1005 826 ad
1035 783 1158 825 deum
1183 782 1338 824 clamat
1369 782 1557 824 ecclesia:
1590 781 1705 824 dim
1725 782 1805 824 itt
1823 795 1843 823 e

261 863 287 891 n
306 863 330 891 o
348 850 374 891 b
392 849 404 891 i
422 863 439 892 s
475 850 502 892 d
519 863 540 892 e
558 850 584 891 b
602 849 615 891 i
631 854 650 892 t
667 863 692 892 a
727 862 754 891 n
772 863 795 892 ο
814 863 831 891 s
849 855 867 892 t
885 862 903 891 r
920 862 958 900 a,
995 854 1038 891 et
1073 848 1347 891 dimittuntur
1382 847 1499 890 nobis
1536 860 1609 903 per
1640 847 1844 903 singulare

195 927 235 956 io
262 916 512 958 sacrificium
541 929 615 971 pro
644 914 838 971 peccatis,
869 914 982 971 quod
1011 914 1225 970 apostolus
1255 914 1483 956 secundum
1512 913 1643 968 legem
1672 914 1843 969 loquens

262 995 343 1023 non
368 980 580 1024 dubitauit
605 981 812 1037 appellare
838 985 1066 1037 peccatum.
1094 980 1204 1023 unde
1230 985 1292 1022 est
1319 979 1446 1022 etiam
1472 979 1573 1022 illud
1599 980 1685 1022 eius
1710 979 1843 1022 multo

261 1047 495 1090 euidentius
521 1060 596 1090 nec
621 1047 759 1102 aliquo
785 1046 899 1089 biuio
924 1047 1168 1103 cuiusquam
1193 1045 1480 1102 ambiguitatis
1507 1045 1729 1088 incertum:
1759 1060 1781 1086 o
1800 1046 1844 1087 b-

264 1126 572 1156 secramus
623 1125 727 1168 pro
774 1112 1026 1155 Christo
1079 1111 1496 1155 reconciliari
1547 1112 1664 1154 deo.
1701 1125 1843 1154 ·eum

260 1179 360 1234 qui
390 1192 504 1221 non
534 1184 797 1221 nouerat
827 1183 1151 1234 peccatum
1181 1191 1283 1233 pro
1314 1177 1491 1219 nobis
1523 1183 1843 1233 peccatum

195 1257 234 1286 15
263 1244 434 1296 fecit,
463 1249 527 1287 ut
554 1258 659 1287 nos
697 1245 883 1287 simus
922 1244 1188 1287 iustitia
1227 1243 1320 1287 dci
1360 1243 1416 1285 in
1454 1243 1846 1299 ipso.nan1quod

262 1310 448 1366 superius
516 1310 855 1353 commemoraui:
917 1310 945 1352 d
961 1323 981 1352 e
1035 1324 1061 1365 p
1079 1324 1100 1352 e
1117 1324 1138 1352 c
1156 1324 1177 1352 c
1196 1324 1219 1352 a
1236 1315 1253 1352 t
1272 1323 1295 1352 o
1348 1309 1375 1351 d
1394 1323 1475 1352 am
1494 1323 1521 1351 n
1539 1323 1565 1352 a
1581 1324 1606 1352 u
1625 1309 1637 1351 i
1654 1314 1672 1351 t
1724 1324 1750 1365 p
1767 1322 1788 1351 e
1806 1323 1845 1351 c-

263 1390 284 1418 c
303 1382 361 1419 at
378 1390 405 1419 u
423 1390 478 1427 m,
508 1376 607 1432 quia
633 1389 714 1418 non
743 1376 901 1419 dictum
930 1381 992 1418 est
1038 1376 1101 1418 ‘de
1130 1380 1299 1431 peccato
1323 1375 1427 1426 suo‘,
1470 1380 1611 1430 potest
1639 1375 1844 1430 quispiam

263 1442 320 1484 sic
381 1442 630 1498 intellegere,
690 1447 738 1485 ut
796 1442 910 1485 dicat
966 1456 1060 1485 eum
1105 1442 1155 1484 de
1215 1446 1385 1497 peccato
1435 1441 1683 1484 Iudaeorum
1731 1441 1846 1483 dam-

262 1521 381 1550 nasse
418 1512 650 1563 peccatum,
690 1507 788 1564 quia
827 1507 878 1550 de
909 1513 1079 1563 peccato
1118 1520 1272 1558 eorum,
1306 1507 1376 1563 qui
1408 1520 1502 1549 eum
1534 1507 1845 1557 crucifixerunt,

191 1585 235 1614 20
263 1573 421 1616 factum
438 1578 516 1625 est,
528 1578 576 1616 ut
592 1573 835 1630 sanguinem
850 1587 973 1616 suum
990 1574 1031 1615 in
1048 1573 1330 1616 remissionem
1347 1573 1540 1615 funderet
1558 1578 1843 1628 peccatorun1;

262 1640 339 1682 hoc
367 1652 480 1691 uero,
508 1639 582 1682 ubi
610 1639 762 1682 dicitur
789 1639 889 1683 deus
919 1639 1054 1695 ipsum
1081 1639 1305 1689 Christum,
1340 1639 1411 1695 qui
1439 1652 1521 1681 non
1551 1645 1724 1681 nouerat
1753 1652 1844 1694 pcc·

261 1711 414 1756 catum,
445 1705 589 1748 fecisse
617 1711 849 1761 peccatum,
879 1718 963 1748 non
991 1705 1092 1748 mihi
1124 1705 1438 1748 conuenientius
1468 1705 1637 1748 uidetur
1664 1705 1844 1761 intellegi

263 1784 388 1827 quam
404 1771 615 1815 Christum
630 1771 789 1814 factum
805 1771 1054 1814 sacrificium
1075 1785 1148 1827 pro
1166 1771 1346 1827 peccatis
1364 1775 1405 1813 et
1422 1771 1476 1813 ob
1492 1771 1570 1813 hoc
1587 1771 1843 1827 appellatum

262 1850 348 1880 esse
376 1841 606 1893 peccatum.

192 1914 235 1944 25
368 1903 465 1945 VII.
492 1904 555 1946 17.
588 1903 689 1953 Quis
714 1907 856 1946 autem
881 1903 987 1945 ferat
1011 1916 1079 1945 eos
1103 1902 1263 1945 obicere
1288 1902 1420 1953 nobis,
1445 1902 1571 1958 ‘quod
1595 1908 1689 1958 post
1715 1916 1844 1945 resur-

264 1968 490 2011 rectionem
505 1968 610 2011 tales
626 1982 840 2025 processus
857 1968 1019 2011 futuros
1037 1981 1123 2011 esse
1141 1968 1341 2019 dicamus,
1354 1973 1402 2010 ut
1420 1968 1478 2010 ibi
1495 1968 1698 2023 incipiant
1715 1969 1844 2011 homi-

263 2047 334 2076 nes
366 2047 471 2090 quae
502 2034 569 2077 hic
599 2034 809 2077 noluerint
841 2033 907 2077 dei
939 2034 1140 2077 mandata
1171 2034 1402 2090 complere‘‚
1440 2034 1638 2090 quoniam
1669 2034 1844 2077 dicimus

264 2099 321 2142 ibi
345 2099 513 2142 omnino
539 2099 699 2142 nullum
725 2099 911 2143 futurum
942 2113 1028 2142 esse
1054 2105 1274 2155 peccatum
1299 2113 1374 2142 nec
1400 2113 1495 2142 cum
1521 2099 1660 2156 aliqua
1686 2100 1845 2156 peccati

264 2165 495 2221 cupiditate
523 2165 779 2218 conflictum,
807 2170 1026 2222 tamquam
1053 2165 1132 2222 ipsi
1160 2165 1343 2208 audeant
1370 2165 1449 2208 hoc
1478 2166 1655 2222 negare?
1685 2166 1844 2222 sapien·

196 2243 238 2272 30
266 2231 369 2274 tiam
415 2245 580 2288 quoque
629 2237 671 2275 et
717 2231 993 2288 cognitionem
1038 2231 1104 2275 dei
1148 2237 1251 2275 tunc
1299 2231 1442 2287 perfici
1488 2233 1530 2275 in
1575 2231 1692 2275 nobis
1732 2238 1773 2274 et
1804 2232 1844 2274 in

265 2297 436 2341 domino
465 2301 633 2340 tantam
675 2297 994 2350 exultationem,
1032 2303 1080 2340 ut
1111 2310 1159 2340 ea
1191 2297 1244 2340 sit
1276 2297 1398 2353 plena
1428 2302 1472 2340 et
1501 2310 1600 2340 uera
1630 2297 1841 2349 securitas,

366 2435 388 2470 3
412 2434 456 2470 ct.
484 2434 632 2481 August.
651 2434 688 2470 in
708 2434 816 2481 Hept.
831 2434 879 2471 IV
895 2434 936 2471 31
956 2433 1087 2480 (GSEL
1105 2434 1270 2471 XXVIII
1294 2435 1372 2474 339,
1397 2435 1457 2480 30)
1551 2435 1572 2471 8
1593 2434 1721 2471 Matth.
1749 2434 1782 2474 6,
1803 2434 1843 2469 12

269 2493 311 2528 12
329 2492 366 2529 11
381 2493 457 2530 Cor.
473 2494 507 2535 5,
525 2493 576 2529 20.
589 2494 629 2529 21
724 2494 767 2529 16
784 2494 886 2530 Rom.
899 2495 932 2536 8,
944 2494 965 2529 3
1046 2494 1089 2530 25
1109 2493 1268 2530 Iulianus

63 2563 80 2573 ι’
111 2577 135 2622 Ι.
150 2576 246 2612 BEF
363 2577 384 2611 2
400 2586 551 2622 quarum
563 2576 852 2613 similitudineso
892 2579 913 2613 4
924 2576 1037 2624 figure
1053 2577 1105 2614 bis
1114 2589 1193 2623 pon.
1208 2577 1240 2612 D
1275 2579 1297 2614 8
1307 2577 1493 2614 cottidieO
1525 2577 1559 2612 in
1571 2577 1731 2612 oratione
1743 2577 1842 2611 om.V

79 2635 84 2640 ’
268 2636 310 2672 12
324 2636 416 2673 alico
426 2636 458 2671 V
520 2635 635 2683 biuio]
650 2636 800 2672 dubioO
861 2636 903 2672 16
917 2637 1211 2673 commemorauit
1223 2637 1283 2673 OC
1354 2638 1394 2672 18
1411 2636 1594 2672 iudeorum
1606 2636 1637 2670 V
1701 2636 1743 2671 19
1759 2636 1844 2682 quia

267 2694 319 2732 bis
332 2696 450 2741 ponD
490 2696 531 2731 21
545 2695 645 2743 uero]
655 2697 765 2733 uerbo
777 2696 829 2732 Db
875 2707 969 2744 pecc.
982 2695 1103 2733 fecisse
1115 2701 1304 2743 peccatum
1319 2708 1390 2732 non
1402 2696 1527 2732 mihiO
1581 2696 1623 2732 25
1635 2696 1738 2732 nobis
1747 2697 1845 2732 om.C

265 2755 310 2791 26
320 2755 462 2792 tutum
470 2755 504 2791 V
555 2757 597 2793 27
606 2756 788 2793 noluerint
798 2755 830 2791 V
870 2755 1091 2803 coplenreo
1131 2756 1174 2793 28
1185 2757 1322 2802 peccati
1335 2756 1365 2790 V
1378 2757 1404 2801 (i
1420 2768 1446 2793 s.
1465 2767 1549 2792 eras.
1562 2758 1598 2800 a)
1658 2755 1702 2791 29
1711 2756 1845 2803 copidi-

267 2817 344 2852 tnte
354 2814 387 2851 V
427 2815 471 2852 30
482 2815 747 2863 cognitioneno
786 2815 930 2864 perficit
939 2815 970 2851 V
982 2817 1060 2863 (om.
1073 2816 1126 2862 in)
1166 2817 1207 2853 31
1224 2820 1367 2853 tantum
1379 2815 1410 2851 V
1453 2815 1641 2863 securitas]
1657 2815 1846 2852 felicitasO
