2028 3204
304 565 618 610 AVGVSTINI
642 565 1159 610 RETRACTATIONVM
1178 565 1286 609 ΜΒ.
1306 564 1350 608 11
1375 565 1491 610 GAP.
1510 565 1725 608 LXXXII
1746 565 1878 622 (LVI)

743 643 887 700 (PAG.
914 643 1003 695 195,
1019 643 1045 686 5
1066 643 1156 687 En.
1185 643 1445 699 KNOELL.)

532 720 609 764 DE
633 720 814 765 ANIMA
838 721 910 764 ET
932 720 1062 764 Elvs
1086 719 1332 767 ORIGINE
1358 720 1519 763 LIBRI
1554 719 1660 764 1111.

419 849 455 891 1.
491 846 651 890 Eodem
685 850 872 902 tempore
897 846 1068 902 quidam
1102 845 1343 888 Vincentius
1377 845 1521 888 Victor
1555 845 1599 887 in
1630 844 1882 888 Mauritania

308 913 562 957 Caesariensi
580 912 742 955 inuenit
761 913 873 968 apud
915 912 1151 967 Hispanum
1177 912 1386 967 quendam
1401 910 1692 967 presbyterum
1707 911 1878 954 Petrum
1905 921 1924 952 5

307 977 555 1021 nonnullum
579 977 823 1034 opusculum
853 991 1007 1030 meum,
1037 977 1110 1020 ubi
1135 975 1316 1032 quodam
1342 976 1431 1020 loco
1457 977 1509 1020 de
1534 975 1689 1032 origine
1718 976 1881 1019 animae

308 1044 525 1088 hominum
555 1043 825 1100 singulorum,
858 1047 1000 1087 utrum
1036 1057 1088 1086 ex
1118 1042 1189 1085 illa
1214 1042 1338 1099 primi
1365 1042 1546 1086 hominis
1571 1055 1620 1084 ac
1651 1040 1799 1085 deinde
1831 1055 1882 1085 ex

308 1110 553 1165 parentibus
585 1113 868 1166 propagentur
909 1123 963 1152 an
1003 1108 1111 1152 sicut
1144 1107 1204 1151 illi
1242 1109 1314 1151 uni
1349 1108 1435 1151 sine
1468 1106 1551 1151 ulla
1584 1107 1882 1164 propagatione

308 1175 494 1231 singulae
526 1174 696 1231 singulis
719 1175 883 1226 dentur,
913 1188 980 1218 me
1004 1173 1160 1218 nescire
1193 1173 1403 1217 confessus
1432 1187 1539 1225 sum,
1563 1184 1708 1216 uerum
1739 1178 1881 1216 tamen

310 1241 410 1283 scire
443 1241 629 1284 animam
662 1254 747 1283 non
782 1253 932 1296 corpus
962 1253 1061 1291 esse,
1095 1237 1170 1282 sed
1201 1239 1409 1295 spiritum,
1445 1243 1488 1282 et
1514 1243 1660 1282 contra
1684 1239 1767 1282 ista
1790 1251 1883 1281 mea
1910 1248 1951 1279 ιο

312 1307 367 1349 ad
387 1307 568 1350 eundem
590 1306 763 1349 Petrum
786 1306 952 1361 scripsit
972 1305 1040 1349 ille
1061 1304 1168 1348 duos
1186 1304 1325 1356 libros,
1343 1316 1447 1358 quos
1469 1304 1573 1347 mihi
1602 1305 1654 1348 de
1687 1303 1884 1347 Caesarea

313 1372 502 1415 Renatus
547 1372 775 1415 monachus
817 1371 942 1415 misit.
990 1370 1142 1427 quibus
1185 1384 1260 1427 ego
1313 1370 1431 1413 lectis
1484 1370 1749 1426 responsione
1791 1382 1886 1412 mea

312 1442 515 1493 quattuor
559 1436 738 1490 reddidi,
782 1451 913 1481 unum
964 1438 1018 1480 ad
1058 1436 1271 1480 Renatum
1313 1436 1578 1487 monachum,
1622 1435 1799 1479 alterum
1830 1433 1884 1477 ad

313 1503 608 1559 presbyterum
630 1504 804 1546 Petrum
823 1508 866 1546 et
890 1501 995 1545 duos
1023 1503 1077 1545 ad
1101 1502 1278 1545 eundem
1297 1502 1520 1545 Victorem.
1549 1501 1621 1545 sed
1643 1503 1696 1544 ad
1714 1502 1886 1544 Petrum

314 1569 507 1624 quamuis
528 1568 685 1612 habeat
705 1567 802 1612 libri
818 1568 1117 1624 prolixitatem,
1140 1572 1281 1611 tamen
1307 1566 1486 1623 epistula
1514 1570 1590 1619 est,
1622 1578 1749 1619 quam
1770 1565 1885 1608 nolui
1912 1575 1953 1605 1⁶

311 1648 337 1677 a
363 1635 499 1677 tribus
527 1635 674 1677 ceteris
706 1646 912 1690 separare.
942 1633 986 1675 in
1010 1634 1073 1676 his
1097 1637 1238 1676 autem
1271 1632 1476 1683 omnibus,
1510 1632 1554 1675 in
1575 1631 1726 1688 quibus
1753 1631 1887 1674 multa

315 1700 549 1743 necessaria
569 1700 842 1751 disseruntur,
866 1698 1032 1742 defendi
1054 1699 1104 1741 de
1129 1697 1283 1753 origine
1311 1696 1559 1750 animarum,
1586 1711 1691 1753 quae
1718 1694 1888 1754 singulis

312 1764 552 1809 hominibus
586 1766 754 1816 dantur,
791 1765 1100 1807 cunctationem
1131 1777 1267 1807 meam
1308 1767 1351 1806 et
1388 1762 1544 1806 multos
1574 1776 1730 1806 errores
1759 1767 1888 1818 atque

313 1830 545 1887 prauitates
574 1829 926 1887 praesumptionis
953 1829 1039 1874 cius
1071 1829 1247 1873 ostendi.
1279 1841 1403 1885 quem
1426 1833 1568 1872 tamen
1589 1829 1782 1872 iuuenem
1804 1840 1888 1871 non

313 1908 589 1953 praepropere
634 1896 942 1947 detestandum,
986 1895 1060 1939 sed
1100 1893 1236 1938 adhuc
1276 1895 1509 1938 docendum
1561 1899 1723 1950 quanta
1767 1893 1888 1949 potui
1913 1903 1957 1934 zo

314 1963 488 2006 lenitate
522 1962 705 2005 tractaui
738 1966 780 2005 et
807 1961 862 2004 ab
895 1972 940 2004 eo
973 1961 1130 2017 scripta
1161 1960 1424 2003 correctionis
1453 1958 1541 2003 eius
1571 1959 1723 2015 accepi.

422 2047 459 2089 2.
503 2045 638 2089 Huius
674 2045 808 2100 operis
839 2044 943 2088 liber
982 2045 1036 2087 ad
1072 2044 1282 2087 Renatum
1313 2044 1373 2086 sic
1402 2042 1567 2098 incipit:
1612 2043 1889 2086 Sirmi-itatem

315 2115 428 2155 tuam
466 2123 554 2164 neS,
594 2111 650 2153 ad
688 2111 861 2154 Petrum
899 2113 1042 2153 autem
1084 2110 1160 2152 sic:
1210 2109 1382 2153 Domivw
1414 2109 1668 2152 dilectiss-mo
1705 2107 1825 2162 fratri
1854 2110 1891 2161 et

315 2177 615 2232 conpresbytero
648 2175 765 2220 Petro
775 2191 793 2231 ‚·
833 2176 1010 2219 duorum
1048 2188 1147 2218 uero
1186 2173 1506 2217 nouissimorum
1539 2174 1595 2216 ad
1620 2172 1888 2216 Vincentium

316 2241 528 2286 Victorem
551 2241 711 2297 primus
746 2242 804 2284 sic
836 2240 1003 2297 incipit:
1033 2241 1146 2294 Quod
1172 2241 1276 2285 mihi
1309 2240 1360 2283 ad
1391 2245 1425 2283 te
1450 2238 1701 2284 scribendum
1726 2238 1887 2294 putaui.
1915 2246 1958 2278 2⁵

420 2383 443 2419 6
459 2383 616 2419 Retract.
636 2383 654 2419 I
670 2385 700 2426 1,
719 2383 749 2418 8.
770 2383 807 2418 II
823 2384 876 2426 71,
896 2384 913 2417 1
961 2383 1004 2419 23
1019 2382 1114 2429 patri
1129 2382 1253 2419 Knoell
1268 2393 1343 2417 cum
1355 2376 1445 2424 0D¹‚
1465 2381 1523 2416 sed
1539 2381 1584 2426 et·
1595 2391 1631 2426 p.
1642 2379 1744 2422 3362
1768 2382 1796 2415 d
1812 2381 1889 2415 cde·

319 2454 435 2480 rorwm
451 2443 601 2479 codicum
620 2442 909 2478 Retraetationum
925 2443 1098 2478 lectionem
