1976 3210
190 193 266 235 188
711 206 758 241 ]Ι.
792 207 844 241 De
871 206 997 252 spiritu
1032 211 1068 242 et
1099 207 1220 244 littera

183 345 347 372 suum
408 330 461 371 in
520 330 949 374 similitudine
1006 333 1212 375 earnis
1271 335 1518 388 peceati
1575 342 1629 377 et
1688 336 1753 378 de

186 402 442 450 peceato
496 396 817 438 damnauit
871 404 1191 452 peceatum
1233 399 1289 440 in
1341 413 1533 450 carne,
1577 407 1636 442 ut
1681 401 1753 443 iu—

183 461 555 513 stitialegis
592 461 1754 519 i111)leret11rinn0biS‚quinonsecun-

184 528 313 568 dum
355 540 590 568 carnem
634 527 1024 579 ambulamus,
1067 530 1167 571 sed
1209 530 1539 572 secundum
1581 531 1755 586 spiri-

184 599 244 634 tu
262 606 315 634 m.
351 593 460 634 unde
493 598 533 634 et
566 593 606 634 in
639 593 719 635 isto
747 594 989 648 prophetico
1016 595 1276 637 testimonio:
1309 609 1330 637 e
1349 610 1370 635 υ
1389 609 1415 637 n
1432 609 1450 636 s
1469 611 1493 638 u
1511 610 1611 638 mm
1629 611 1653 639 a
1671 597 1695 639 b
1714 612 1750 648 0,
1779 610 1796 638 5

185 658 333 712 inquit,
385 671 565 712 super
613 659 842 701 domum
895 660 1136 702 Israhel
1186 666 1241 702 et
1292 675 1473 716 super
1521 662 1751 705 domum

186 724 1754 781 ludatestamentunlnouum.quidestconsummabo

184 789 261 830 nisi
299 788 491 844 ‘inplebo‘
535 804 645 831 non
705 792 1033 833 seeundum
1088 796 1547 843 testamentum,
1600 794 1753 848 qnod

184 855 302 895 feei
353 855 644 909 patribus
694 870 892 897 eorum
943 856 998 898 in
1047 857 1154 907 die,
1206 871 1318 912 qua
1367 858 1751 912 adprehendi

182 934 410 962 manum
438 921 1020 971 eoru1n‚uteieerem
1049 936 1145 964 eos
1175 923 1752 979 deterraAegypti?
1786 936 1824 964 ¹0

289 1010 385 1051 XX.
406 1010 468 1051 35.
490 1010 598 1064 Ergo
618 1010 718 1052 illud
743 1015 863 1052 uetus
882 1016 984 1062 erat,
999 1012 1097 1066 quia
1114 1012 1190 1054 hoe
1209 1026 1364 1053 nouum
1392 1017 1464 1054 est.
1495 1013 1604 1054 unde
1631 1013 1756 1063 igitur

183 1074 282 1116 illud
312 1082 443 1125 uetus
472 1076 548 1117 hoe
576 1090 744 1126 nouum,
773 1090 866 1118 curn
893 1076 959 1118 lex
977 1077 1120 1119 eadem
1139 1076 1347 1132 inpleatur
1364 1091 1436 1132 per
1454 1082 1752 1120 testamentum

183 1155 351 1189 nonum,
392 1154 497 1195 quae
535 1141 643 1183 dixit
680 1142 723 1183 in
762 1147 918 1183 uetere:
958 1156 983 1184 n
1002 1157 1024 1185 0
1042 1157 1068 1184 n
1121 1156 1141 1183 e
1160 1158 1181 1183 υ
1201 1157 1225 1184 n
1244 1157 1263 1183 (¹
1283 1157 1307 1184 u
1326 1156 1352 1197 p
1370 1143 1416 1184 is
1435 1157 1455 1185 e
1473 1158 1493 1185 e
1510 1143 1559 1184 s?
1613 1158 1638 1199 q
1658 1159 1681 1185 u
1701 1144 1711 1184 i
1730 1158 1754 1185 a

184 1206 315 1261 ipsi,
349 1207 500 1262 inquit,
534 1221 645 1248 non
677 1213 1250 1262 perseuerauerunt
1283 1203 1753 1251 in'testamento

183 1286 315 1323 meo,
371 1279 425 1315 et
480 1287 581 1327 ego
635 1273 881 1327 neglexi
934 1286 1042 1323 eos,
1097 1274 1254 1315 dicit
1314 1274 1604 1316 dominus.
1659 1288 1753 1327 ergo
1784 1287 1821 1315 15

184 1344 351 1392 propter
388 1339 538 1380 ueteris
575 1339 754 1380 hominis
791 1353 957 1389 noxam,
993 1352 1098 1394 quae
1135 1353 1207 1393 per
1242 1339 1427 1381 litteram
1463 1339 1675 1382 iubentem
1713 1344 1754 1380 et

183 1404 411 1446 minantem
452 1404 622 1446 minime
662 1405 902 1455 sanabatur,
944 1405 1096 1446 dieitur
1134 1404 1239 1446 illud
1278 1409 1577 1447 testamentum
1620 1410 1752 1454 uetus,

181 1470 257 1510 hoe
276 1475 416 1512 autem
435 1484 590 1512 nouum
608 1476 776 1525 propter
793 1470 1025 1512 nouitatem
1043 1470 1225 1525 spiritus,
1245 1484 1351 1525 quae
1367 1471 1579 1512 hominem
1596 1485 1751 1513 nouum

181 1541 301 1577 sanat
335 1551 359 1578 a
392 1536 494 1578 uitio
528 1536 763 1578 uetustatis.
799 1535 976 1590 denique
1009 1536 1188 1578 adtende
1221 1536 1331 1590 quod
1365 1536 1553 1590 sequitur
1584 1541 1624 1577 et
1659 1537 1754 1578 uide

182 1607 342 1655 quanta
375 1601 463 1644 luce
497 1602 574 1643 fiat
607 1602 883 1656 perspicuum,
919 1602 1030 1656 quod
1064 1601 1142 1643 sibi
1174 1601 1352 1643 fidentes
1386 1600 1534 1643 nolunt
1567 1601 1752 1643 immines
1781 1615 1822 1643 ευ

181 1667 345 1709 intueri.
398 1668 539 1722 quia
587 1667 694 1709 hoe
744 1671 1190 1709 testamentum
1240 1672 1344 1713 est,
1394 1666 1546 1722 inquit,
1598 1668 1751 1722 quod

182 1733 486 1775 ordina-bo
523 1733 724 1774 domui
761 1732 1022 1774 Israhel:
1059 1738 1197 1787 post
1232 1732 1361 1773 dies
1397 1731 1556 1781 illos,
1593 1732 1752 1775 dicit

181 1798 474 1848 dominus,
526 1798 678 1840 dabo
727 1797 892 1852 leges
940 1811 1097 1839 meas
1146 1797 1201 1838 in
1250 1811 1349 1838 eor
1397 1797 1647 1839 illorum
1696 1802 1751 1839 et

181 1865 236 1905 in
268 1868 466 1905 mente
498 1877 637 1905 eoru
656 1877 697 1904 m
729 1863 992 1905 scribam
1036 1876 1144 1905 eas.
1180 1876 1271 1904 eece
1303 1868 1365 1904 est
1399 1863 1508 1904 unde
1540 1863 1752 1917 apostolus

180 1930 252 1980 ait,
305 1930 416 1984 quod
467 1942 592 1984 supra
636 1929 1090 1987 commemorauimus:¹
1123 1942 1149 1969 n
1168 1942 1190 1969 0
1208 1942 1235 1969 n
1284 1928 1298 1968 i
1315 1942 1341 1969 11
1391 1932 1409 1969 t
1427 1942 1450 1970 a
1467 1928 1493 1970 b
1512 1942 1537 1969 u
1555 1928 1596 1970 li
1613 1941 1631 1969 s
1680 1928 1693 1969 l
1710 1943 1751 1970 a·
1779 1941 1819 1969 25

180 1995 396 2049 pideis‚
451 1995 551 2036 sed
604 1994 661 2036 in
714 1993 954 2036 tabulis
1007 1993 1226 2044 cordis,
1276 1993 1381 2048 quia
1433 2007 1545 2035 non
1598 1998 1750 2035 atra-

179 2066 392 2110 mento,
446 2061 545 2102 sed
597 2059 830 2114 spiritu
882 2059 976 2101 dei
1027 2058 1168 2101 uiui.
1223 2072 1297 2100 nec
1334 2058 1386 2100 ob
1424 2058 1538 2101 aliud
1574 2059 1752 2101 arbitror

267 2264 288 2298 5
305 2262 402 2298 Hier.
419 2263 560 2307 38(31)‚
576 2264 630 2298 31.
649 2263 691 2297 32
798 2263 840 2297 13
862 2262 925 2297 Ex.
947 2263 1000 2302 20,
1023 2263 1063 2297 17
1173 2261 1268 2296 Hier.
1287 2262 1331 2296 38
1349 2261 1491 2307 (31),ae
1580 2261 1618 2296 21
1637 2260 1733 2295 Hier.

180 2324 223 2358 38
243 2323 328 2367 (31),
346 2323 388 2357 33
494 2323 536 2356 25
563 2322 597 2358 11
624 2322 698 2357 eor.
721 2323 753 2364 3,
780 2323 802 2357 3

272 2457 289 2490 1
307 2452 538 2489 similitudine
554 2454 571 2488 b
674 2455 694 2488 2
712 2452 898 2489 damnabit
912 2453 942 2487 T
1047 2452 1083 2486 in
1098 2462 1202 2488 carne
1216 2463 1279 2487 om.
1295 2451 1379 2486 Oml
1471 2453 1547 2495 post
1561 2461 1663 2486 carne
1677 2462 1744 2486 ras.

179 2515 201 2549 9
211 2515 278 2558 lere
290 2513 351 2548 litt.
369 2513 446 2548 inL
515 2512 672 2548 iustitiae
682 2512 714 2546 P
793 2514 814 2547 8
830 2512 998 2547 secudum
1011 2512 1040 2547 Ο
1132 2513 1175 2547 10
1190 2510 1374 2547 educerem
1387 2511 1409 2545 d
1501 2512 1541 2546 11
1560 2510 1610 2545 Et
1629 2521 1711 2556 ergo
1726 2509 1745 2545 b

36 2575 100 2617 de).
116 2575 142 2608 l,
174 2575 216 2609 13
238 2572 352 2608 ueteri
368 2573 386 2607 b
491 2574 531 2607 14
549 2572 665 2618 inquit
682 2571 749 2616 ipsi
760 2571 811 2606 Pb
915 2574 1147 2617 perseraunnt
1161 2571 1246 2606 Oml
1354 2571 1396 2606 15
1410 2569 1571 2606 uocabulo
1584 2579 1664 2604 meo
1678 2569 1743 2613 lin.

180 2633 236 2677 jol.
255 2620 344 2668 180b
357 2632 387 2667 L
397 2633 453 2677 (cl.
474 2633 602 2676 Praes.)
695 2635 730 2666 et
747 2643 810 2666 om.
824 2631 842 2664 b
935 2631 975 2666 16
997 2641 1149 2666 nomam
1161 2630 1225 2665 ΒΚ
1239 2640 1334 2664 noxa
1348 2630 1379 2664 T
1494 2629 1674 2665 iuuentem
1687 2627 1745 2664 SG

187 2693 228 2728 18
244 2691 349 2738 quae]
364 2695 473 2737 atque
481 2691 568 2727 0m2
645 2690 826 2726 hominum
839 2689 922 2725 Oml
1008 2690 1049 2725 19
1062 2692 1191 2726 sanata
1203 2703 1265 2723 u*
1279 2700 1300 2724 a.
1314 2687 1403 2724 uitio
1419 2691 1491 2724 uet.
1507 2688 1547 2734 (fi
1561 2689 1591 2723 et
1604 2697 1671 2733 sqq.
1687 2687 1744 2723 mZ

183 2752 222 2787 in
236 2763 346 2787 uacuo
360 2751 484 2796 spatio)
495 2751 524 2786 O
667 2752 706 2786 21
724 2749 854 2786 intueri
866 2749 936 2794 (int
950 2749 989 2784 in
1006 2750 1088 2794 ras.)
1098 2749 1185 2797 Om2
1349 2747 1472 2794 inquid
1487 2747 1552 2792 (sic
1564 2749 1706 2792 semper)
1716 2746 1745 2782 S

179 2813 218 2846 24
233 2815 389 2846 mentem
402 2810 545 2845 illorum
559 2810 588 2846 0
671 2821 729 2845 eos
738 2810 768 2845 Ο
855 2813 908 2844 est
922 2820 986 2844 om.
998 2809 1017 2844 b
1106 2808 1151 2844 26
1164 2806 1226 2854 qui
1237 2807 1321 2843 Oml
1413 2807 1455 2842 27
1469 2806 1538 2842 uiri
1550 2806 1581 2842 T
