2028 3204
277 161 357 202 214
797 171 843 206 11.
878 171 930 207 De
960 171 1085 217 spiritu
1117 176 1153 206 et
1182 171 1301 207 littera

275 297 487 341 caelis,
543 296 719 339 dabit
798 297 950 338 bona
1003 296 1372 351 petentibus
1439 297 1517 340 se!
1587 311 1679 340 cum
1742 311 1838 354 ergo

275 363 407 404 uirtus
440 363 602 418 peccati
635 362 700 404 lex
733 362 1058 404 inflammauerit
1100 363 1287 404 aculeum
1332 363 1490 408 mortis,
1535 369 1579 404 ut
1627 363 1838 406 occasione

274 434 447 482 accepta
466 432 682 482 peccatum
700 442 772 482 per
787 428 1034 470 mandatum
1053 433 1246 482 operetur
1263 441 1426 470 omnem
1445 428 1835 482 concupiscentiam,

276 508 298 535 a
324 508 405 548 quo
440 494 621 547 petenda
653 499 714 535 est
748 493 1006 536 continentia
1036 493 1115 536 nisi
1148 494 1200 535 ab
1232 493 1314 539 illo,
1343 494 1413 549 qui
1444 493 1562 536 nouit
1597 494 1706 536 bona
1737 494 1838 536 data

273 560 371 601 dare
404 559 500 600 filiis
534 558 650 600 suis?
685 573 737 601 an
761 559 867 601 forte
890 559 1020 601 nescit
1052 558 1259 613 insipiens,
1296 559 1406 614 quod
1438 572 1559 601 nemo
1591 572 1676 601 esse
1711 560 1838 613 possit
1866 572 1883 599 .·‚

274 625 503 674 continens,
528 624 603 666 nisi
629 625 728 666 deus
757 624 862 666 det?
896 625 974 666 hoc
999 638 1093 679 ergo
1117 629 1162 666 ut
1185 624 1302 674 sciat,
1327 624 1417 680 ipsa
1439 624 1596 679 indiget
1617 624 1833 678 sapientia.

274 704 345 731 eur
368 691 511 744 itaque
533 703 617 731 non
644 690 760 732 audit
786 689 915 744 patris
941 690 1003 732 sui
1029 689 1223 744 spiritum
1258 689 1462 731 dicentem
1497 703 1568 743 per
1600 690 1834 744 apostolum

271 756 423 797 ‹un-isti
446 756 513 798 uel
535 755 668 809 ipsum
692 756 913 802 Christum,
949 755 1021 810 qui
1042 755 1142 797 dicit
1167 755 1208 796 in
1242 755 1454 810 euangelio
1486 768 1580 797 suo:
1614 769 1640 810 p
1658 769 1679 797 e
1696 760 1714 796 t
1734 756 1779 797 it
1798 770 1831 801 e,

274 836 294 861 e
312 829 326 862 t
363 836 387 862 a
405 835 425 862 c
444 835 463 862 ‹-
485 821 495 862 i
514 834 540 874 p
560 821 568 861 i
588 835 608 862 e
626 826 641 862 t
663 822 673 862 i
691 820 743 862 s?
772 822 1010 876 loquentem
1034 821 1161 862 etiam
1178 821 1221 862 in
1238 822 1427 874 apostolo
1444 835 1518 862 suo
1541 826 1583 862 et
1611 820 1835 863 dicentem:

272 888 320 928 si
355 887 490 941 quis
523 892 797 929 uestrum
834 886 1075 942 indiget
1119 886 1454 941 sapientia.
1491 886 1778 940 postulet
1811 900 1835 927 a
1866 898 1905 926 πο

273 953 297 993 d
322 966 397 996 eo.
434 952 534 1007 qui
567 953 671 994 dat
714 952 993 994 omnibus
1038 952 1362 994 afluenter
1402 957 1459 993 et
1492 963 1606 995 non
1638 952 1833 1005 inpro-

275 1024 462 1071 perat.
498 1024 554 1059 et
597 1018 855 1060 (labitur
896 1017 1008 1063 illi,
1054 1017 1339 1071 postulet
1383 1022 1584 1059 autem
1619 1016 1834 1058 infide

271 1096 298 1125 n
319 1083 373 1125 ih
393 1084 434 1125 il
465 1084 489 1125 h
510 1098 534 1125 a
553 1098 573 1125 e
591 1097 607 1124 s
628 1084 673 1124 it
692 1098 716 1125 a
733 1097 759 1125 n
777 1083 828 1124 s?
862 1084 964 1126 haec
996 1088 1058 1125 est
1084 1082 1198 1128 fides,
1234 1096 1284 1124 ex
1309 1096 1390 1137 qua
1415 1082 1545 1124 iustus
1571 1081 1698 1133 uiuit;
1732 1082 1833 1124 haec

271 1156 332 1190 est
366 1149 482 1193 fides.
532 1163 614 1203 qua
646 1149 827 1190 creditur
860 1148 900 1190 in
933 1162 1028 1190 eum
1062 1148 1133 1203 qui
1165 1147 1367 1189 iustificat
1401 1147 1593 1202 impium,
1637 1148 1737 1190 haec
1771 1155 1831 1189 est

272 1214 388 1259 fides,
424 1228 497 1269 per
531 1228 654 1269 quam
689 1213 926 1256 excluditur
965 1213 1170 1269 gloriatio.
1216 1213 1303 1255 siue
1346 1218 1393 1255 ut
1438 1213 1634 1255 abscedat
1677 1226 1759 1267 qua
1791 1213 1831 1254 in
1865 1224 1902 1253 ιε»

269 1280 387 1322 nobis
422 1281 617 1322 inflamur
649 1280 734 1322 siue
776 1284 823 1322 ut
855 1279 1035 1322 emineat
1069 1291 1151 1334 qua
1182 1278 1225 1321 in
1257 1278 1424 1320 domino
1455 1278 1696 1333 gloriamur3
1730 1278 1831 1320 haec

271 1352 332 1387 est
365 1345 482 1396 fides,
517 1358 599 1401 qua
631 1346 864 1400 inpetra-tur
903 1345 1070 1400 largitas
1104 1344 1284 1399 spiritus,
1328 1344 1378 1386 de
1412 1356 1492 1398 quo
1525 1344 1694 1386 dicitur:
1730 1356 1832 1385 nos

270 1412 423 1453 enim
477 1412 712 1465 spiritu
766 1424 831 1452 ex
883 1410 1010 1452 fide
1062 1423 1220 1464 spem
1275 1409 1576 1451 iustitiae
1628 1421 1832 1463 expec—

269 1482 287 1518 t
306 1491 327 1518 a
347 1491 388 1518 m
407 1490 431 1517 u
450 1491 479 1519 s.
515 1477 587 1518 ubi
620 1477 785 1531 quidem
810 1476 949 1531 quaeri
981 1476 1116 1518 adhuc
1139 1480 1292 1530 potest,
1327 1480 1467 1517 utrum
1501 1488 1615 1530 spem
1648 1474 1830 1516 iustitiae

271 1543 435 1592 dixerit,
487 1555 612 1596 quam
660 1547 799 1596 sperat
848 1542 1007 1583 iustitia
1055 1554 1108 1583 an
1156 1554 1238 1594 qua
1286 1546 1475 1594 speratur
1523 1540 1611 1594 ipsa
1658 1539 1830 1584 iustitia.
1861 1551 1903 1580 20

271 1608 469 1662 quoniam
503 1608 635 1650 iustus
678 1621 727 1649 ex
769 1607 851 1649 fide
896 1606 1040 1649 uiuens
1081 1611 1220 1661 sperat
1262 1606 1405 1660 utique
1440 1605 1570 1647 uitam
1620 1611 1830 1647 aeternam

267 1674 449 1728 itemque
482 1673 585 1715 fides
617 1673 797 1715 esuriens
828 1672 1053 1726 sitiensque
1085 1671 1285 1713 iustitiam
1318 1671 1586 1712 renouatione
1609 1670 1659 1711 de
1691 1670 1757 1712 die
1790 1670 1830 1712 in

266 1739 375 1781 diem
408 1739 613 1780 interioris
646 1738 822 1780 hominis
855 1737 1019 1792 proficit
1061 1737 1103 1779 in
1136 1749 1183 1778 ea
1216 1742 1257 1778 et
1289 1742 1428 1791 sperat
1461 1736 1501 1777 in
1534 1748 1582 1777 ea
1613 1735 1755 1777 satiari
1787 1734 1827 1776 in

266 1804 355 1846 uita
396 1809 578 1848 aeterna,
628 1803 699 1845 ubi
743 1803 817 1845 fiet
861 1803 971 1857 quod
1013 1802 1053 1843 in
1095 1802 1255 1856 psalmo
1298 1801 1348 1842 de
1392 1802 1467 1843 deo
1509 1801 1679 1843 dicitur:
1730 1801 1829 1855 qui

266 1870 468 1911 satiat
517 1869 573 1910 in
622 1868 798 1910 bonis
842 1866 1222 1911 desiderium
1265 1871 1442 1909 tuum.
1486 1867 1587 1908 haec
1619 1871 1680 1908 est
1712 1866 1829 1910 fides,
1858 1878 1898 1906 25

267 1948 347 1989 qim
381 1935 484 1976 salui
514 1935 636 1984 fiunt,
662 1934 810 1989 quibus
834 1934 1003 1976 dicitur:
1037 1946 1061 1987 g
1078 1947 1097 1974 r
1116 1947 1139 1975 a
1156 1937 1175 1974 t
1193 1932 1204 1973 i
1222 1947 1245 1974 a
1287 1946 1304 1974 s
1323 1946 1345 1974 a
1363 1931 1449 1974 lui
1482 1932 1537 1973 fa
1556 1945 1577 1974 c
1594 1931 1639 1973 ti
1673 1944 1693 1972 e
1711 1944 1728 1972 s
1746 1937 1765 1973 t
1782 1931 1794 1972 i
1811 1946 1828 1971 s

264 2013 367 2055 per
401 2000 588 2042 fidem
626 2006 681 2042 et
726 2000 831 2042 hoc
873 2012 986 2042 non
1028 2013 1093 2041 ex
1126 1997 1315 2044 uobis,
1353 1997 1453 2039 sed
1486 1997 1581 2039 dei
1612 1996 1827 2038 donum

263 2070 369 2115 est,
402 2079 514 2109 non
548 2079 612 2106 ex
646 2065 952 2119 operibus,
987 2077 1051 2106 ne
1084 2064 1250 2106 forte
1283 2062 1417 2118 quis
1449 2062 1826 2110 extollatur;

358 2204 377 2236 2
400 2202 576 2250 etiem.
601 2204 651 2241 15,
669 2204 713 2237 56
777 2202 820 2236 cf.
841 2202 942 2236 Rom.
964 2203 994 2241 ἶ,
1017 2204 1037 2235 8
1129 2202 1149 2234 4
1167 2200 1208 2233 cf.
1232 2197 1356 2234 Matth.
1379 2200 1411 2239 7,
1430 2200 1467 2233 11
1517 2200 1538 2232 5
1561 2198 1603 2232 cf.
1623 2197 1705 2243 Sap.
1727 2201 1759 2238 8,
1782 2198 1819 2232 21

267 2262 288 2295 8
305 2261 432 2296 Matth.
451 2263 482 2302 7,
498 2263 528 2296 7.
550 2261 631 2295 Luc.
651 2263 701 2302 11,
717 2262 737 2296 9
797 2262 838 2296 10
859 2261 926 2295 lac.
945 2262 974 2297 1.
991 2261 1022 2294 5.
1039 2260 1059 2293 6
1121 2260 1162 2294 13
1179 2259 1221 2293 cf.
1242 2260 1340 2293 Rom.
1360 2259 1390 2298 1,
1410 2258 1450 2292 17
1523 2259 1563 2292 14
1581 2257 1624 2292 cf.
1642 2257 1742 2292 Rom.
1760 2258 1791 2297 4,
1809 2257 1830 2290 5

268 2323 307 2356 15
332 2321 375 2356 ci.
403 2322 504 2356 Rom.
529 2322 561 2360 3,
585 2322 625 2355 27
704 2321 742 2356 16
761 2321 803 2355 ef.
825 2320 932 2355 ICor.
955 2322 983 2360 1,
1001 2320 1038 2355 31
1147 2319 1187 2353 17
1215 2318 1290 2353 Gal.
1316 2318 1348 2358 5,
1371 2318 1391 2351 5
1481 2317 1520 2351 21
1548 2316 1697 2351 offlam.
1726 2318 1755 2356 1,
1782 2317 1823 2350 Π

267 2382 308 2416 22
335 2381 377 2415 cf.
403 2381 531 2415 Matth.
559 2381 590 2421 ἴ),
615 2381 636 2414 6
717 2380 759 2415 ci.
790 2380 823 2414 ΙΙ
847 2380 921 2414 Cor.
951 2381 983 2419 4,
1010 2378 1051 2414 16
1127 2379 1169 2413 24
1195 2378 1249 2412 Ps.
1278 2378 1352 2417 102,
1377 2377 1398 2410 5
1475 2375 1517 2410 26
1540 2375 1630 2421 Eph.
1658 2376 1687 2416 2,
1710 2376 1820 2409 8-10

354 2478 375 2511 3
394 2479 561 2521 operatur
571 2476 655 2511 Oml
732 2477 751 2509 4
771 2486 792 2510 a
808 2486 871 2510 om.
888 2475 917 2509 0
989 2475 1010 2508 6
1027 2472 1198 2519 sapientia
1212 2472 1245 2507 l<
1303 2473 1324 2506 8
1341 2482 1404 2506 suo
1421 2482 1484 2506 om.
1498 2470 1516 2504 b
1582 2471 1603 2505 9
1618 2470 1820 2515 loquentem

266 2546 329 2570 suo
347 2535 454 2570 etiam
472 2534 506 2570 in
524 2546 579 2580 ap.
595 2535 613 2568 b
682 2535 719 2569 10
735 2533 943 2580 sapientiam
951 2534 1015 2568 ΘΚ
1079 2535 1118 2568 11
1136 2530 1444 2578 qui—inproperat
1461 2541 1525 2566 om.
1538 2531 1572 2565 Κ
1635 2529 1824 2564 affluenter

267 2595 388 2629 PGrbd
501 2595 540 2629 13
558 2594 712 2629 hesitans
723 2595 752 2628 L
776 2593 886 2628 sitans
899 2594 933 2628 K
1070 2593 1111 2627 15
1138 2590 1363 2627 atbscedatO
1497 2589 1539 2625 16
1554 2588 1780 2624 inflamamur
1792 2589 1823 2623 Ρ

269 2655 310 2689 18
327 2658 570 2700 exspectemus
581 2655 670 2690 Kml
761 2654 804 2688 20
820 2653 921 2698 quad
1011 2662 1081 2697 quo
1092 2650 1288 2687 LmlSPGb
1369 2650 1409 2685 22
1424 2648 1579 2684 iustitiae
1595 2648 1645 2683 Pb
1725 2657 1822 2682 reno-

246 2729 249 2733 ·
269 2713 446 2749 nationem
463 2714 635 2749 PKmle
741 2712 775 2748 in
793 2712 850 2748 die
860 2713 889 2747 C
1001 2713 1042 2747 23
1061 2711 1095 2745 in
1111 2721 1188 2746 eam
1200 2710 1234 2744 K
1341 2710 1556 2758 sperate-ase
1571 2706 1692 2742 satiari
1702 2707 1822 2742 Kmll)

264 2775 303 2808 24
320 2773 396 2808 uita-2
405 2774 434 2809 c
528 2773 603 2819 fiet]
620 2773 698 2809 aad.
723 2772 758 2807 id
775 2773 797 2807 α
