2028 3204
875 647 965 711 ΙΙΙ.
1010 646 1277 710 INDEX

415 753 907 819 VERBORVM
954 753 1060 817 ET
1094 751 1738 818 ELOCVTIONVM

596 872 689 923 AD
730 870 1090 922 VOLVMINA
1128 869 1280 921 XLII
1319 870 1407 921 ET
1444 870 1552 921 LX.

290 1009 322 1039 a,
351 998 407 1038 ab,
436 997 498 1031 abs
526 997 585 1042 (ab
615 1007 648 1031 re
680 995 694 1030 1
725 996 798 1037 106,
827 997 857 1030 4.
887 995 931 1030 ab
960 994 1039 1029 stilo
1113 994 1270 1030 abditus:
1293 994 1423 1029 abditis
1443 993 1630 1028 uisceribus
1654 993 1688 1028 ΙΙ
1707 995 1784 1035 310,
1807 996 1857 1029 14.

340 1057 351 1091 I
375 1058 451 1096 378,
478 1058 528 1091 14.
554 1056 598 1090 ab
622 1055 721 1089 stella
748 1054 761 1089 Ι
787 1056 860 1095 194,
885 1055 938 1089 26.
963 1056 1038 1095 203,

336 1118 388 1151 20.
416 1116 460 1150 ab
487 1115 659 1149 stultitiae
686 1114 837 1149 tenebris
866 1113 879 1148 1
906 1114 960 1155 36,
988 1115 1037 1157 2);

335 1176 379 1210 ab
401 1176 464 1209 hac
486 1175 561 1209 uita
581 1174 763 1219 emigratio
787 1173 799 1207 Ι
824 1174 897 1213 117,
922 1174 972 1208 16.
994 1173 1039 1207 ab

334 1247 374 1269 co
399 1235 554 1269 defectus
582 1233 615 1268 II
643 1235 716 1273 141,
745 1234 795 1268 11.
822 1233 866 1267 ab
890 1232 1040 1267 inimicis

336 1294 560 1328 uictoriarum
597 1292 788 1338 reportatio
827 1292 859 1326 ΙΙ
895 1292 948 1333 66,
986 1293 1037 1327 13.

334 1353 493 1388 liberatio
518 1364 537 1387 a
563 1363 703 1398 corpore
728 1352 850 1386 mortis
876 1351 977 1386 liuius
1004 1351 1039 1385 ΙΙ

335 1414 410 1454 247,
436 1415 464 1447 1.
489 1412 625 1446 sanatio
649 1411 786 1446 animae
808 1422 828 1446 a
851 1411 939 1446 uitio
962 1422 1039 1456 pec·

335 1473 405 1506 cati
437 1472 449 1506 1
480 1473 555 1513 208,
586 1473 637 1506 21.
671 1492 711 1495 ν-
740 1470 892 1516 corporis
920 1470 1039 1505 oculus

336 1543 403 1566 non
440 1531 632 1566 adiuuatur
669 1541 688 1565 a
727 1530 800 1565 luce
841 1530 854 1564 Ι
893 1530 945 1571 75,
986 1531 1037 1565 13.

335 1591 499 1636 temptari
526 1602 545 1625 a
573 1590 854 1635 concupiscentia
884 1589 898 1624 Ι
925 1590 979 1630 75,
1008 1591 1036 1624 1.

336 1656 374 1685 ut
395 1650 639 1684 absorberetur
660 1649 807 1684 mortale
828 1660 848 1683 a
870 1649 945 1683 uita
970 1648 984 1683 I
1006 1651 1038 1691 4,

334 1712 387 1745 20.
411 1709 579 1744 abstracti
601 1720 620 1743 a
643 1708 924 1754 concupiscentia
948 1708 962 1742 Ι
984 1708 1037 1750 75,

335 1771 364 1804 7.
381 1771 412 1804 8.
429 1769 473 1803 ab
489 1780 529 1803 ea
544 1769 662 1814 potius
677 1772 824 1814 augetur
842 1768 875 1802 ΙΙ
893 1769 967 1809 132,
986 1768 1037 1803 15.

334 1829 506 1863 uincimur
535 1839 556 1863 a
590 1832 732 1873 peccato
767 1827 802 1862 ΙΙ
833 1828 887 1869 84,
920 1828 951 1862 9.
986 1828 1037 1862 12.

333 1900 354 1923 a
379 1888 563 1933 uoluptate
589 1887 721 1922 semina
747 1887 873 1922 confici
901 1886 936 1921 II
962 1887 1037 1922 278.

334 1949 386 1982 22.
416 1958 485 1982 non
512 1947 656 1982 adiutus
684 1958 704 1981 a
732 1946 804 1992 lege
836 1946 850 1981 I
880 1947 954 1987 167,
984 1947 1035 1981 21.

333 2018 354 2041 a
384 2007 498 2053 gratia
527 2006 689 2041 adiuuari
722 2005 737 2040 Ι
767 2007 843 2047 452,
876 2006 929 2040 21.
961 2006 1038 2047 453,

336 2068 375 2101 14
413 2069 469 2101 cet.
507 2086 551 2091 —
589 2066 683 2111 quod
720 2065 770 2100 ibi
807 2076 828 2099 a
865 2065 1039 2100 saluatore

333 2125 529 2160 sanandum
556 2129 610 2160 est
638 2124 673 2159 ΙΙ
701 2126 776 2165 291,
805 2126 835 2160 9.
865 2135 886 2159 a
903 2124 1038 2159 Christo

333 2185 585 2226 damnandum,
610 2184 818 2219 saluandum
846 2183 881 2218 11
905 2184 959 2225 92,
984 2184 1037 2219 20.

333 2245 410 2286 261,
432 2245 484 2279 22.
508 2264 551 2268 -
571 2254 591 2278 a
607 2248 709 2289 partu
731 2243 989 2278 recentissimus
1003 2242 1039 2277 II

333 2304 410 2345 203,
432 2304 463 2338 9.
486 2303 531 2338 ab
553 2307 652 2337 utero
675 2313 791 2337 recens
815 2302 830 2337 Ι
851 2303 905 2343 66,
929 2303 959 2337 2.
983 2303 1037 2344 67,

333 2363 386 2398 25.
404 2363 479 2404 137,
496 2363 548 2398 22.
565 2363 641 2403 471,
660 2362 710 2397 15.
727 2362 804 2402 548,
822 2363 873 2397 13.
889 2362 966 2403 549,
984 2363 1035 2397 14.

336 2422 370 2457 II
389 2422 464 2464 268,
483 2423 514 2457 9.
535 2421 791 2457 recentissimus
809 2432 829 2455 a
848 2420 1038 2456 uisceribus

332 2485 487 2516 matrum
504 2480 540 2515 11
556 2482 630 2522 194,
649 2482 699 2516 10.
716 2480 760 2515 ab
776 2484 874 2515 utero
891 2480 1038 2515 recentis

332 2541 463 2576 aetatis
481 2540 584 2582 1386,
609 2541 663 2576 22.
688 2540 718 2574 si
740 2539 784 2574 ab
809 2539 948 2574 homine
972 2542 1037 2582 est,

333 2604 374 2636 ut
389 2600 562 2635 habeatur
580 2599 594 2634 I
612 2601 688 2641 244,
705 2599 736 2634 8.
750 2609 824 2633 -a
840 2609 977 2633 summo
996 2619 1037 2623 —

331 2659 377 2695 ab
403 2660 474 2695 imo
504 2658 520 2694 I
546 2659 625 2700 400,
652 2659 705 2694 22.
734 2659 787 2694 23.
816 2669 836 2693 a
863 2657 1038 2693 contrario

335 2719 349 2753 Ι
379 2719 458 2761 520,
486 2719 519 2754 5.
565 2718 600 2753 II
632 2718 706 2759 145,
739 2718 790 2753 19.
821 2718 900 2758 300,
930 2718 961 2752 7.
993 2716 1038 2752 ab

330 2778 481 2814 inuicem
508 2777 544 2813 II
570 2778 644 2819 107,
671 2778 724 2813 10.
750 2777 813 2812 abs
832 2779 909 2811 ante
939 2780 989 2812 te:
1023 2775 1039 2811 Ῑ

331 2837 386 2879 99,
410 2839 461 2873 14.
484 2837 559 2879 253,
583 2837 634 2873 17.
657 2837 734 2878 367,
756 2837 786 2872 9.

1157 1054 1194 1088 in
1210 1065 1243 1088 re
1258 1053 1432 1099 protunda
1447 1058 1481 1088 et
1497 1053 1600 1087 nimis
1613 1053 1737 1088 abdita
1754 1053 1767 1088 Ι
1786 1054 1859 1095 164,

1157 1115 1188 1149 8.
1208 1113 1395 1148 infirmitas
1413 1112 1535 1147 abdita
1555 1112 1570 1147 1
1587 1113 1664 1153 524,
1686 1113 1736 1148 18.
1756 1113 1860 1158 scrip-

1158 1176 1315 1208 turarum
1354 1171 1595 1207 abditis-simae
1633 1172 1785 1207 latebrae
1826 1172 1859 1206 ΙΙ

1160 1233 1234 1274 186,
1255 1233 1307 1267 23.
1329 1243 1371 1266 ex
1390 1231 1462 1266 eius
1481 1231 1697 1276 (memoriae)
1716 1231 1861 1266 abditis-

1157 1291 1254 1326 simis
1272 1291 1406 1326 sinibus
1428 1291 1442 1325 1
1462 1292 1538 1332 404,
1559 1291 1611 1326 26.
1631 1290 1667 1325 in
1685 1290 1807 1326 abdito
1826 1296 1862 1326 et

1158 1351 1331 1397 profundo
1359 1350 1567 1385 iudiciorum
1596 1350 1651 1385 dei
1682 1350 1696 1385 Ι
1725 1351 1800 1390 229,
1828 1353 1859 1385 3.

1156 1411 1195 1445 in
1219 1414 1365 1445 naturae
1390 1411 1563 1444 humanae
1589 1414 1661 1444 tam
1688 1410 1860 1455 profundo

1157 1470 1349 1515 abditoque
1365 1474 1496 1504 secreto
1515 1469 1530 1503 Ι
1545 1470 1621 1511 324,
1639 1470 1698 1509 24,
1714 1470 1756 1512 cl.
1777 1469 1790 1503 Ι
1806 1470 1860 1511 69,

1158 1530 1211 1565 24.
1237 1530 1313 1571 476,
1339 1530 1369 1564 9.

1112 1589 1249 1624 aberro:
1284 1600 1303 1623 a
1337 1588 1547 1623 christianae
1580 1588 1663 1622 fidei
1697 1588 1810 1633 regula
1849 1588 1860 1622 l

1158 1649 1233 1689 115,
1258 1649 1289 1683 6.
1316 1648 1360 1682 ab
1386 1648 1449 1682 hac
1475 1647 1545 1682 fide
1572 1647 1587 1681 Ι
1614 1647 1688 1688 185,
1714 1648 1766 1682 20.

1112 1708 1277 1743 abhorret
1303 1718 1324 1742 a
1350 1718 1451 1742 sensu
1478 1707 1632 1741 humano
1662 1706 1675 1740 1
1702 1707 1778 1747 506,
1806 1707 1858 1741 23.

1157 1778 1177 1802 a
1209 1767 1370 1802 doctrina
1403 1766 1595 1812 apostolica
1630 1765 1665 1800 II
1699 1767 1774 1805 130,
1809 1766 1860 1801 15.

1157 1838 1177 1861 a
1203 1837 1284 1861 uero
1314 1825 1326 1860 I
1353 1826 1430 1866 307,
1458 1826 1510 1860 22.
1537 1825 1582 1860 ab
1608 1825 1698 1860 illius
1724 1825 1861 1871 ingenio

1159 1885 1195 1921 II
1219 1887 1251 1927 3,
1278 1887 1329 1921 14.

1112 1945 1248 1981 abicere
1262 1944 1492 1980 exsecrandae
1505 1943 1700 1990 impietatis
1714 1954 1859 1978 errorem

1160 2004 1176 2039 1
1202 2006 1280 2046 340,
1311 2005 1361 2040 15.
1403 2004 1461 2038 illa
1489 2003 1678 2049 praeterita
1705 2002 1861 2037 iustitiae

1157 2075 1239 2100 suae
1273 2068 1455 2109 tamquam
1488 2062 1700 2098 detrimenta
1735 2062 1749 2096 I
1782 2062 1859 2103 509,

1158 2124 1210 2159 26.
1237 2124 1268 2158 7.
1302 2123 1477 2158 exclusam
1509 2121 1793 2168 (gloriationem),
1825 2121 1860 2155 id

1157 2187 1211 2218 est
1237 2182 1385 2218 eiectam
1413 2185 1449 2217 et
1475 2181 1649 2216 abiectam
1681 2180 1695 2215 Ι
1726 2181 1800 2220 170,
1827 2182 1860 2215 3.

1157 2242 1410 2277 subiectionem
1434 2241 1558 2276 erroris
1583 2240 1620 2276 ΙΙ
1646 2241 1719 2281 102,
1745 2240 1797 2275 25.

1112 2302 1245 2337 ablatio
1272 2301 1287 2336 I
1311 2301 1388 2342 435,
1412 2301 1444 2336 8.

1110 2361 1294 2397 ablatiuus:
1327 2370 1431 2406 quem
1464 2359 1538 2395 siue
1570 2359 1648 2394 aliis
1680 2358 1754 2393 siue
1786 2358 1860 2404 ipso

1155 2421 1298 2456 doctore
1316 2419 1514 2455 didicerant
1535 2418 1571 2454 II
1592 2419 1666 2460 101,
1687 2419 1740 2453 21.
1761 2420 1860 2462 temp.

1155 2482 1233 2515 tota
1255 2479 1330 2514 uita
1349 2478 1503 2514 decimas
1523 2477 1636 2513 solent
1657 2476 1821 2523 praebere
1845 2476 1859 2511 1

1157 2540 1232 2580 112,
1250 2539 1282 2581 3,
1309 2539 1353 2583 cf.
1382 2537 1397 2573 I
1414 2538 1491 2579 363,
1511 2538 1563 2573 19.
1581 2537 1658 2578 473,
1679 2537 1730 2572 16.
1748 2536 1859 2577 474,7.

1110 2598 1231 2634 abluo:
1257 2597 1373 2633 abluti
1396 2608 1458 2643 per
1480 2599 1739 2632 sacramentum
1766 2594 1782 2630 I
1805 2595 1860 2636 38,

1157 2658 1210 2693 10.
1257 2661 1440 2703 tamquam
1486 2655 1649 2701 martyrii
1692 2654 1861 2701 sanguine

1156 2716 1278 2752 abluto
1307 2715 1323 2751 1
1347 2717 1425 2757 311,
1451 2716 1505 2751 27.
1532 2714 1711 2761 baptismo
1736 2724 1861 2760 corpus

1157 2775 1312 2812 abluitur
1328 2774 1435 2817 1345,
1450 2775 1483 2811 3.
1498 2773 1664 2821 originale
1677 2775 1862 2819 peccatam

1160 2834 1176 2870 I
1205 2835 1282 2877 347,
1313 2835 1344 2870 2.
1375 2834 1514 2870 lauacro
1544 2831 1814 2880 regenerationis
1845 2831 1861 2867 1
