2028 3204
283 207 364 248 268
811 218 877 255 III.
911 219 963 254 De
993 222 1122 255 natura
1153 222 1190 255 et
1215 219 1330 265 gratia

272 357 353 386 non
381 343 507 385 etiam
538 349 584 386 ut
611 344 697 386 eius
724 344 972 386 adiuuemur
995 344 1144 399 gratia,
1174 357 1255 399 quo
1283 345 1386 387 bene
1413 345 1617 388 uiuamus.
1661 347 1727 389 uel
1751 347 1848 391 hinc

271 408 409 451 saltim
437 409 690 451 confiteatur
714 424 800 452 esse
826 409 1077 452 miserabiles
1103 410 1296 452 tenebras
1321 410 1362 452 in
1388 410 1527 453 animo
1553 412 1748 462 humano,
1776 413 1847 469 qui

271 474 347 516 scit
401 475 754 530 quemadmodum
799 474 949 518 debeat
994 475 1154 517 leonem
1202 474 1372 518 domare
1408 481 1452 518 et
1483 477 1616 519 nescit
1647 478 1845 532 quemad-

270 541 440 582 modum
476 540 625 582 uiuere.
669 555 721 582 an
758 547 799 582 et
835 541 912 582 hoc
951 546 997 583 ut
1036 541 1140 583 sciat
1166 540 1323 583 sufficit
1349 541 1386 583 ei
1418 542 1591 584 liberum
1626 543 1845 586 arbitrium

273 606 418 661 lexque
470 605 703 648 naturalis?
765 607 866 648 haec
937 610 1000 648 est
1050 606 1255 661 sapientia
1305 606 1433 657 uerbi,
1487 621 1568 663 qua
1620 615 1849 651 euacuatur
1874 622 1891 650 5

270 685 372 713 crux
402 671 565 713 ('hristi.
614 672 683 713 sed
732 671 803 727 qui
848 671 974 714 dixit:
1037 686 1063 727 p
1081 687 1101 713 c
1120 685 1139 713 r
1155 672 1180 713 d
1200 686 1224 713 a
1241 686 1281 713 m
1341 686 1358 714 s
1376 687 1400 714 a
1418 672 1592 727 pient
1612 673 1663 716 ia
1682 688 1722 715 m
1769 689 1786 716 s
1804 690 1847 716 a-

271 750 298 791 p
317 736 329 778 i
346 752 366 778 e
384 751 409 778 n
430 737 519 778 tiu
539 751 593 782 m.
621 737 717 791 quia
742 737 820 779 ista
846 751 947 779 crux
970 751 1051 779 non
1077 742 1215 792 potest
1240 738 1443 780 euacuari.
1471 738 1656 793 profecto
1681 738 1760 781 ista
1784 754 1847 782 sa-

270 801 427 856 pientia
481 816 551 857 per
602 802 827 844 stultitiam
869 802 1202 858 praedicationis,
1251 817 1333 858 qua
1381 804 1592 846 eredentes
1630 810 1844 854 sanantur,

270 868 484 910 euertitur.
523 868 557 909 si
577 868 684 910 enim
708 868 959 923 possibilitas
981 868 1182 910 naturalis
1203 882 1277 923 per
1296 868 1469 911 liberum
1492 869 1709 911 arbitrium
1731 876 1771 911 et
1793 872 1842 912 ad

270 935 600 987 cognoscendum
624 935 831 989 quomodo
853 933 991 976 uiuere
1011 934 1162 976 debeat
1183 939 1224 976 ct
1244 935 1296 976 ad
1319 934 1420 976 bene
1442 934 1667 977 uiuendum
1687 935 1844 978 sufficit
1875 948 1914 976 ιο

270 998 360 1047 sibi,
415 1013 553 1053 ergo
621 1000 911 1041 Christus
962 999 1164 1054 gratis
1215 1005 1493 1042 mortuus
1545 1006 1656 1050 est;
1709 1015 1845 1053 ergo

270 1078 290 1105 e
310 1079 334 1106 ιι
353 1079 415 1106 ac
434 1079 458 1106 ιι
478 1070 580 1106 atu
600 1079 640 1106 m
686 1070 777 1106 est
838 1065 1198 1107 scandalum
1243 1079 1302 1107 cr
1318 1065 1460 1107 ucis.
1506 1079 1579 1107 cur
1607 1080 1686 1108 non
1719 1067 1844 1108 etiam

270 1144 343 1184 ego
376 1130 441 1171 hic
480 1131 722 1181 exclamem,
761 1130 886 1172 immo
925 1131 1167 1172 exclamabo
1205 1136 1247 1172 et
1285 1130 1373 1172 istis
1413 1130 1668 1186 increpitabo
1706 1132 1844 1173 dolore

269 1195 514 1237 christiano:
550 1211 570 1237 e
588 1210 613 1237 u
632 1210 656 1238 a
673 1210 694 1238 c
711 1210 738 1237 u
756 1210 780 1238 a
798 1196 846 1238 ti
879 1210 899 1238 c
917 1210 934 1237 s
952 1201 970 1238 t
988 1196 1034 1237 is
1069 1211 1093 1238 a
1126 1196 1155 1237 C
1172 1196 1197 1237 h
1219 1209 1237 1237 r
1254 1195 1300 1237 is
1318 1201 1336 1237 t
1354 1210 1390 1245 0,
1412 1196 1482 1251 qui
1501 1196 1540 1238 in
1560 1202 1710 1238 natura
1730 1196 1845 1239 iusti-

270 1260 466 1307 ficamini,
496 1276 519 1303 a
545 1276 571 1316 g
590 1275 647 1303 ra
666 1267 683 1303 t
702 1261 715 1302 i
731 1276 755 1303 a
783 1276 803 1303 e
822 1275 848 1303 x
865 1275 886 1303 c
904 1261 917 1302 i
933 1262 959 1303 d
978 1261 1025 1303 is
1044 1266 1061 1303 t
1079 1260 1146 1303 is!
1167 1261 1403 1316 ignorantes
1426 1261 1536 1303 enim
1557 1262 1623 1303 dei
1644 1262 1845 1304 iustitiam
1876 1274 1913 1302 15

269 1333 310 1368 et
334 1332 517 1368 uestram
539 1327 725 1368 uolentes
748 1326 999 1369 constituere
1022 1326 1205 1369 iustitiae
1227 1326 1293 1368 dei
1313 1341 1394 1368 non
1418 1327 1515 1369 estis
1533 1327 1719 1369 subiecti.
1739 1327 1845 1369 sicut

269 1392 378 1433 enim
423 1392 515 1433 finis
558 1392 669 1447 legis,
713 1392 773 1434 ita.
814 1392 941 1434 etiam
983 1397 1158 1434 naturae
1199 1393 1406 1434 humanae
1449 1392 1621 1434 uitiosae
1663 1393 1847 1434 saluator

270 1457 456 1499 (hristus
486 1463 547 1499 est
578 1459 628 1499 ad
665 1457 869 1499 iustitiam
899 1458 1011 1499 omni
1040 1458 1236 1500 credenti.
1583 1511 1588 1515 .

376 1523 487 1565 XLI.
514 1524 574 1565 48.
608 1523 714 1572 Quid
738 1529 878 1565 autem
902 1523 980 1564 sibi
1002 1523 1198 1578 opposuit
1226 1523 1290 1565 ‘ab
1315 1523 1370 1565 eis
1393 1523 1473 1565 dici
1495 1529 1641 1565 contra
1664 1537 1765 1578 quos
1790 1523 1845 1564 lo-

271 1588 430 1642 quitur:
455 1604 477 1630 o
496 1603 536 1630 m
554 1603 579 1630 n
599 1604 618 1630 e
636 1603 653 1630 s
686 1603 706 1630 e
724 1603 749 1630 n
770 1589 781 1630 i
799 1603 839 1630 m
872 1603 898 1643 p
916 1603 936 1630 e
954 1603 975 1630 c-
992 1603 1014 1630 c
1031 1604 1054 1630 a
1073 1603 1098 1630 ιι
1117 1603 1137 1630 e
1155 1602 1174 1629 r
1190 1603 1215 1630 u
1235 1603 1259 1630 n
1280 1588 1346 1630 t‘?
1379 1589 1637 1641 manifestum
1664 1593 1717 1630 est
1740 1588 1842 1641 quod
1869 1601 1912 1630 20

269 1654 315 1695 de
336 1654 400 1695 his
422 1654 571 1695 dicebat
594 1654 795 1707 apostolus
817 1654 888 1707 qui
908 1658 1001 1695 tunc
1023 1658 1145 1704 erant,
1170 1654 1240 1695 hoc
1262 1658 1316 1696 est
1337 1653 1384 1695 de
1406 1654 1572 1695 Iudaeis
1594 1658 1627 1695 et
1648 1654 1839 1707 qentt'btw.

268 1721 338 1761 sed
367 1720 488 1774 plane
516 1719 630 1769 illud,
661 1720 770 1774 quod
799 1719 1142 1761 commemoraui:
1185 1733 1212 1774 p
1229 1733 1250 1761 e
1268 1733 1288 1760 r
1328 1734 1398 1761 un
1418 1733 1502 1761 um
1545 1720 1571 1761 h
1590 1734 1612 1761 O
1631 1719 1784 1761 mine
1803 1733 1842 1760 m

269 1790 588 1840 peccatum
617 1784 889 1827 intrauit
919 1784 972 1826 in
1002 1785 1280 1827 mundum
1310 1789 1364 1826 et
1394 1798 1493 1839 per
1521 1790 1841 1839 peccatum

269 1864 421 1892 mors
467 1856 522 1892 et
568 1850 655 1892 ita
698 1850 752 1892 in
804 1863 1004 1892 omncs
1039 1849 1314 1892 homines
1350 1849 1750 1904 pertransiit,
1788 1849 1842 1892 in

269 1929 297 1971 q
313 1931 339 1958 ιι
357 1931 379 1958 0
425 1930 447 1958 0
466 1930 506 1957 ιιι
524 1930 549 1957 n
569 1931 589 1958 e
607 1930 624 1957 s
670 1930 696 1970 p
714 1930 734 1957 e
752 1930 773 1957 c
790 1930 811 1957 c
829 1930 853 1957 a
871 1930 897 1957 u
915 1930 935 1957 e
954 1929 973 1957 r
989 1930 1015 1958 u
1033 1929 1059 1957 n
1077 1920 1110 1966 t,
1161 1920 1202 1957 ct
1231 1914 1426 1971 antiquos
1456 1920 1497 1957 et
1526 1914 1771 1957 recentiores
1800 1920 1842 1957 et
1869 1927 1910 1957 25

269 1996 341 2023 nos
376 1987 417 2023 et
452 1987 638 2036 posteros
673 1986 834 2023 nostros
869 1980 1076 2023 sententia
1110 1981 1190 2022 ista
1224 1980 1512 2035 conplectitur.
1563 1980 1681 2035 ponit
1715 1980 1842 2022 etiam

269 2047 368 2089 illud
393 2047 691 2097 testimonium,
716 2047 824 2088 unde
848 2047 997 2101 probet
1018 2060 1113 2088 cum
1135 2046 1333 2088 dicuntur
1356 2046 1525 2088 ‘omnes‘
1562 2060 1643 2088 non
1682 2059 1844 2100 semper

268 2127 409 2155 omnes
442 2112 609 2154 omnino
635 2112 747 2154 nullo
775 2112 1063 2166 praetermisso
1089 2111 1271 2167 intellegi
1296 2116 1498 2166 oportere.
1540 2124 1560 2152 s
1576 2110 1703 2153 icat
1743 2124 1771 2164 p
1787 2122 1843 2152 er

360 2249 381 2283 5
399 2247 441 2283 cf.
464 2248 571 2283 ICor.
593 2250 623 2287 1,
647 2248 685 2282 17
800 2248 821 2281 6
841 2247 855 2281 Ι
874 2247 948 2282 Cor.
969 2246 1057 2288 1,19
1164 2248 1182 2282 7
1201 2247 1244 2282 ct.
1265 2246 1282 2280 Ι
1301 2246 1375 2281 Cor.
1396 2248 1427 2285 l,
1447 2246 1483 2281 21
1589 2248 1628 2282 11
1646 2245 1724 2281 Gal.
1744 2247 1775 2283 2,
1797 2247 1834 2281 21

271 2308 347 2343 Gal.
363 2308 395 2349 5,
416 2310 451 2343 11
571 2310 623 2343 14.
641 2306 682 2342 15
699 2307 742 2341 ct.
763 2306 839 2341 Gal.
855 2307 886 2348 5,
902 2308 922 2341 4
1045 2306 1086 2342 15
1103 2306 1146 2342 cf.
1165 2306 1269 2341 Rom.
1287 2306 1340 2346 10,
1356 2307 1377 2341 3
1504 2306 1543 2341 17
1561 2305 1604 2340 cf.
1625 2305 1724 2340 Rom.
1745 2305 1797 2341 10,
1816 2308 1837 2341 4

272 2369 313 2404 20
329 2368 430 2404 Rom.
448 2369 480 2408 3,
501 2368 542 2402 23
633 2366 792 2411 Pelagius
887 2367 926 2401 22
944 2367 1047 2401 Rom.
1066 2367 1098 2407 5,
1118 2367 1160 2401 12
1251 2366 1293 2400 28
1311 2366 1412 2401 Rom.
1427 2364 1459 2407 5,
1476 2365 1518 2400 18
1595 2363 1754 2411 Pelagius

362 2466 377 2499 1
398 2468 439 2498 ut
452 2462 526 2498 eius
540 2462 636 2498 συιδ
753 2472 824 2507 qua
834 2462 852 2496 b
959 2461 1014 2496 hic
1029 2461 1059 2495 B
1177 2463 1197 2496 2
1213 2459 1357 2496 salutim
1368 2461 1451 2495 Lml
1471 2460 1584 2495 salute»
1596 2458 1684 2495 le
1707 2459 1835 2497 saltem

273 2523 371 2558 DPE
486 2524 506 2558 5
522 2522 670 2567 lexquae
680 2521 781 2556 DVE
886 2520 1058 2556 naturalis
1070 2520 1099 2564 (i
1112 2521 1167 2555 m2
1182 2530 1224 2556 ez
1237 2521 1268 2565 e)
1280 2520 1309 2556 C
1428 2529 1500 2565 qua
1509 2520 1549 2563 (a
1561 2519 1726 2564 s.1.)Lm2
1745 2529 1836 2564 quae

269 2585 305 2627 (e
321 2583 430 2627 s.l.)C
504 2587 679 2619 uaeuatur
690 2582 718 2617 C
791 2580 812 2614 6
828 2581 887 2616 sed
901 2580 956 2625 (in
971 2592 1036 2626 my.
1048 2580 1104 2615 m2
1120 2579 1248 2626 habeo)
1264 2580 1294 2615 V
1367 2578 1568 2625 sapientum
1579 2578 1621 2614 bd
1695 2580 1715 2614 7
1730 2578 1836 2614 istam

271 2641 479 2688 sapientiam
490 2642 563 2678 de
630 2642 652 2678 9
668 2639 797 2676 euertit
808 2640 860 2676 Cd
937 2641 978 2675 12
992 2650 1084 2685 quur
1092 2640 1186 2675 codd.
1257 2641 1299 2675 13
1317 2649 1405 2685 etgo
1415 2638 1445 2674 C
1507 2637 1663 2673 immodo
1673 2638 1717 2682 (s.
1731 2648 1783 2682 pr.
1800 2648 1835 2672 m

271 2701 409 2738 aad.m3
422 2702 496 2746 mo)
504 2702 537 2736 E
595 2699 812 2747 increpitabo
825 2700 864 2735 in
874 2698 1034 2746 m9.Vm3
1100 2699 1142 2735 16
1151 2701 1270 2735 uestra
1282 2698 1369 2734 le
1427 2697 1471 2734 19
1480 2696 1576 2743 quod
1588 2695 1672 2734 Bca
1722 2695 1836 2742 loqui-

270 2772 349 2797 mur
361 2761 392 2796 B
447 2763 486 2797 21
507 2765 580 2796 erat
592 2761 676 2797 Gml
721 2759 831 2795 iudeis
844 2759 873 2795 C
917 2759 959 2795 22
977 2757 1064 2794 illud
1073 2758 1170 2794 om.C
1214 2757 1391 2793 comoraui
1403 2755 1436 2792 B
1447 2754 1681 2792 momorauiE
1725 2757 1769 2791 23
1778 2767 1832 2801 pr.

270 2823 505 2868 peccantum
518 2822 547 2856 L
610 2822 651 2856 24
667 2819 824 2856 homines
841 2817 1032 2866 pertransit
1045 2817 1081 2853 in
1096 2828 1166 2864 quo
1181 2817 1220 2852 in
1235 2817 1331 2863 qu'
1394 2817 1436 2852 27
1451 2815 1535 2853 illut
1548 2816 1576 2851 V
1630 2813 1790 2860 homines
1804 2815 1835 2850 B

2002 934 2011 951 Ι

2002 954 2010 971 1
