1976 3210
67 1291 103 1320 15

63 1622 105 1651 20

724 231 812 268 liber
845 232 862 268 1
893 233 948 276 22,
978 234 1113 270 31-32
1660 227 1711 269 31

131 362 352 409 meruerat,
372 358 545 400 adderet
555 357 696 414 peiora
708 363 886 411 terrena,
906 364 981 402 aut
999 359 1038 402 in
1059 373 1179 402 cruce
1198 366 1341 405 tamen
1359 361 1542 404 audiuit:
1568 362 1715 405 hodie

132 436 326 466 mecum
364 423 460 466 eris
499 423 550 466 in
592 424 840 480 paradiso,
876 430 951 468 aut
984 425 1107 468 alicui
1140 427 1326 470 cohaesit
1359 427 1562 484 apostolo,
1597 429 1714 471 cuius

131 488 440 545 praedicatione
456 494 647 535 mutatus
664 495 706 533 et
721 504 795 547 per
810 490 1025 534 lauacrum
1042 493 1363 548 regenerationis
1380 494 1520 537 saluus
1537 495 1712 537 effectus

131 560 207 605 est,
239 560 286 597 ut
304 555 374 598 ubi
391 554 626 599 abundauit
655 562 888 612 peccatum,
919 558 1279 614 superabundaret
1307 560 1455 615 gratia.
1488 560 1588 616 quid
1620 561 1714 604 hinc

131 621 410 677 respondeant
441 622 610 665 omnino
641 637 725 666 non
755 623 889 674 uide0,
923 623 994 680 qui
1025 625 1212 668 uolentes
1243 626 1435 668 humanis
1466 626 1714 669 coniecturis

132 687 338 730 iustitiam
368 688 435 731 dei
465 689 687 732 defendere
718 694 759 732 et
790 689 1029 745 ignorantes
1060 690 1328 735 altitudinem
1359 693 1519 746 gratiae
1550 692 1714 735 fabulas

133 753 411 809 inprobabiles
441 759 679 798 texuerunt.

237 820 301 864 32.
332 820 466 863 Multa
492 821 602 864 enim
629 821 710 864 dici
738 826 914 876 possunt
941 823 992 864 de
1019 822 1132 865 miris
1161 823 1452 866 uocationibus
1482 824 1711 874 hominum,

131 884 218 927 siue
230 899 332 941 quas
345 886 516 942 legimus
524 886 611 930 siue
623 900 728 943 quas
736 887 896 943 experti
908 902 1063 937 sumus,
1078 889 1228 944 quibus
1238 903 1380 931 eorum
1392 889 1531 945 opinio
1543 890 1713 932 subuer-

133 956 261 999 tatur,
294 952 364 1008 qui
395 953 571 996 credunt
601 959 699 996 ante
728 953 812 996 ista
841 968 1015 1010 corpora
1043 969 1120 997 sua
1150 956 1354 1010 quasdam
1385 955 1572 1011 proprias
1604 955 1713 998 uitas

130 1017 301 1072 gessisse
327 1018 486 1062 animas
514 1018 742 1069 hominum,
771 1019 922 1075 quibus
948 1021 999 1062 ad
1027 1021 1127 1064 haec
1153 1021 1344 1064 uenirent
1370 1035 1443 1077 pro
1469 1021 1714 1064 diuersitate

132 1083 376 1127 meritorum
393 1085 559 1128 diuersa
575 1085 640 1127 hic
658 1091 904 1141 experturae
923 1086 986 1128 uel
1006 1086 1116 1130 bona
1133 1086 1198 1129 uel
1215 1088 1337 1130 mala.
1372 1088 1441 1130 scd
1461 1088 1714 1130 terminandi

134 1149 254 1192 huius
282 1151 415 1206 operis
442 1164 542 1194 cura
567 1164 649 1194 non
676 1151 775 1194 sinit
801 1152 844 1195 in
870 1152 933 1194 his
959 1152 1116 1196 diutius
1143 1153 1352 1196 inmorari.
1398 1168 1526 1196 unum
1554 1159 1711 1201 tamen,

133 1217 244 1270 quod
265 1215 372 1259 inter
391 1218 526 1260 multa
544 1217 732 1260 mirabile
752 1218 946 1273 comperi.
968 1232 1051 1261 non
1071 1219 1232 1262 tacebo.
1271 1220 1363 1275 quis
1383 1234 1463 1263 non
1484 1220 1713 1262 seeundum

133 1281 247 1332 istos,
261 1283 330 1338 qui
348 1296 398 1325 ex
415 1283 571 1326 meritis
584 1284 729 1340 prioris
746 1285 859 1326 uitae
876 1290 973 1326 ante
992 1285 1068 1327 hoc
1085 1299 1232 1341 corpus
1252 1285 1293 1328 in
1309 1285 1555 1327 caelestibus
1572 1291 1714 1339 gestae

133 1347 292 1390 animas
315 1350 487 1392 terrenis
509 1350 749 1405 corporibus
772 1350 903 1405 magis
926 1350 1115 1393 minusue
1135 1351 1301 1406 grauari
1324 1351 1562 1406 opinantur.
1587 1352 1714 1394 adfir-

133 1420 219 1455 met
251 1428 320 1456 eos
353 1421 450 1457 ante
484 1416 607 1458 istam
642 1416 774 1458 uitam
807 1416 1045 1459 sceleratius
1079 1417 1370 1472 inmaniusque
1403 1431 1606 1472 peccasse,
1643 1418 1711 1473 qui

133 1480 284 1522 mentis
317 1480 456 1523 lumen
488 1482 546 1524 sic
578 1482 771 1524 amittere
804 1487 1057 1533 meruerunt,
1092 1488 1139 1525 ut
1172 1497 1294 1525 sensu
1328 1483 1463 1526 uicino
1496 1483 1713 1539 pecoribus

132 1551 411 1596 nascerentur,
425 1560 508 1590 non
518 1548 610 1590 dico
623 1547 848 1590 tardissimi
859 1548 1022 1604 ingenio
1033 1562 1191 1591 —nam
1206 1549 1281 1591 hoc
1291 1549 1342 1591 de
1355 1548 1443 1591 aliis
1455 1549 1536 1591 dici
1547 1549 1651 1591 solet
1663 1573 1715 1578 —

133 1611 203 1653 sed
230 1612 292 1654 ita
316 1613 524 1664 excordes,
569 1618 616 1656 ut
642 1614 770 1656 etiam
796 1614 936 1656 cirrati
963 1615 1016 1656 ad
1042 1615 1298 1658 mouendum
1333 1615 1461 1658 risum
1488 1615 1713 1657 exhibeant

133 1678 314 1720 cordatis
347 1678 514 1722 delicias
550 1679 774 1730 fatuitatis,
811 1693 989 1735 quorum
1023 1694 1175 1723 nomen
1210 1694 1261 1722 ex
1293 1694 1440 1736 graeco
1475 1681 1713 1723 deriuatum

133 1743 336 1787 moriones
355 1745 502 1800 uulgus
521 1745 731 1801 appellat?
750 1746 899 1789 talium
917 1752 1061 1789 tamen
1079 1747 1251 1802 quidam
1270 1747 1350 1789 fuit
1369 1747 1430 1789 ita
1448 1747 1711 1792 christianus.

133 1815 193 1856 ut.
225 1824 319 1852 eum
348 1816 455 1854 esset
485 1811 671 1854 omnium
709 1812 952 1855 iniuriarum
990 1826 1160 1855 suarum
1189 1812 1296 1855 mira
1324 1813 1523 1855 fatuitate
1552 1813 1714 1868 patien-

133 1875 329 1927 tissimus,
359 1876 552 1920 iniuriam
580 1883 723 1921 tamen
751 1878 928 1921 nominis
958 1878 1109 1921 Christi
1139 1878 1204 1921 uel
1232 1879 1275 1921 in
1302 1892 1344 1921 se
1374 1879 1462 1934 ipso
1491 1878 1712 1934 religionis.

227 2032 240 2065 1
257 2030 338 2066 Luc.
351 2032 405 2073 23,
417 2032 460 2066 43
522 2032 544 2067 3
555 2032 598 2067 cf.
611 2031 678 2067 Tit.
691 2033 723 2074 3,
735 2032 767 2068 5.
783 2032 798 2066 Ι
812 2033 902 2068 Petr.
914 2034 948 2074 3,
961 2033 1000 2068 21
1067 2035 1087 2068 4
1099 2032 1142 2068 cf.
1158 2034 1258 2069 Rom.
1271 2034 1304 2075 5,
1316 2034 1359 2068 20
1422 2034 1462 2068 16
1474 2032 1516 2068 cf.
1531 2033 1612 2079 Sap.
1626 2033 1657 2075 9,
1673 2034 1712 2068 15

226 2139 240 2172 1
256 2137 382 2173 addere
391 2138 687 2174 SVGPa.c.rec.m.
700 2139 868 2175 adhaeret
880 2140 921 2174 M
1024 2139 1059 2174 in
1070 2139 1208 2175 s.l.Gm2
1303 2139 1380 2175 odie
1395 2139 1424 2174 V
1519 2141 1540 2175 3
1552 2142 1713 2182 mutatur

135 2199 166 2241 (s
175 2207 202 2232 s.
224 2207 240 2241 r
257 2209 300 2233 m.
315 2198 429 2238 rec.)P
491 2198 541 2245 et]
553 2202 616 2235 aut
629 2199 723 2235 Pest
732 2199 795 2234 SA
805 2203 858 2235 est
868 2203 904 2234 et
916 2200 957 2234 M
1025 2199 1142 2235 saluus
1153 2203 1206 2235 est
1219 2201 1249 2234 A
1323 2200 1469 2235 effectus
1482 2204 1535 2235 est
1545 2211 1609 2235 om.
1624 2200 1710 2234 Aml

134 2258 154 2292 4
166 2256 309 2292 abunda
316 2258 400 2293 Gml
486 2262 522 2294 et
532 2258 646 2304 gratia
656 2258 674 2294 b
759 2259 816 2294 hic
828 2258 860 2294 V
870 2258 950 2294 huic
962 2259 979 2294 b
1054 2260 1076 2295 5
1087 2259 1249 2295 humanis
1262 2259 1467 2295 coniecturis
1480 2259 1636 2295 uolentes
1651 2259 1714 2294 ΚΟ

136 2315 287 2351 uolentis
297 2316 382 2352 Lm]
496 2318 517 2353 8
530 2318 640 2363 multe
654 2319 686 2353 A
811 2319 854 2354 de
866 2318 975 2365 miris]
989 2319 1146 2354 demissis
1160 2319 1202 2354 M
1315 2320 1356 2355 10
1369 2330 1452 2354 sua*
1471 2320 1498 2354 L
1509 2330 1589 2354 suas
1604 2319 1712 2354 KCJ!

137 2376 292 2422 proprias
328 2377 419 2413 uitas
447 2378 639 2423 (utrumque
665 2390 680 2413 s
707 2378 860 2423 s.l.)Lml
889 2378 1030 2425 propria
1054 2389 1119 2414 sua
1147 2379 1239 2414 uitas
1265 2379 1293 2414 S
1328 2378 1469 2425 propria
1503 2378 1660 2414 suauitas
1685 2379 1713 2414 G

137 2435 276 2483 propria
307 2436 484 2472 suauitate
517 2438 569 2483 (te
601 2437 761 2483 s.l.m2)V
899 2440 941 2475 12
974 2438 1223 2475 maritumum
1254 2439 1283 2473 G
1425 2438 1559 2482 diuerse
1579 2439 1649 2483 (ae)
1657 2438 1714 2472 PG

138 2496 180 2531 13
196 2505 318 2542 operos
334 2496 362 2541 (i
377 2507 403 2532 s.
424 2497 488 2542 ΨΘ
534 2507 617 2533 cura
632 2497 687 2542 (in
702 2509 765 2545 πη.
784 2498 818 2534 al
835 2498 955 2542 causa)
971 2498 990 2534 b
1046 2497 1111 2534 hiis
1130 2499 1161 2533 A
1226 2500 1268 2534 15
1285 2497 1395 2534 iustos
1414 2499 1446 2533 A
1511 2498 1567 2544 ex]
1586 2498 1630 2532 ob
1650 2497 1714 2532 KG

136 2554 263 2591 merita
297 2555 389 2591 Km2
481 2558 524 2593 16
540 2555 676 2604 magnis
706 2557 742 2593 K
832 2557 982 2604 grauiori
1014 2558 1057 2593 M
1147 2557 1327 2593 affirmat
1354 2558 1388 2592 K
1482 2558 1522 2592 18
1545 2556 1651 2592 uicini
1680 2558 1710 2591 A

137 2614 181 2650 20
200 2615 365 2651 excordes
389 2618 473 2652 sunt
498 2616 541 2652 M
657 2619 696 2653 ut
719 2628 784 2653 om.
810 2617 854 2652 M
960 2616 1068 2654 cirriti
1094 2617 1182 2653 Vm?
1207 2617 1319 2653 curati
1343 2617 1362 2652 b
1386 2619 1415 2652 et
1429 2617 1497 2652 cod.
1513 2616 1621 2651 Vatic.
1649 2617 1713 2651 445

137 2674 374 2710 {mouendum
392 2676 471 2722 (οηι.
492 2675 590 2721 ad)K
664 2675 735 2712 risu
754 2676 784 2712 0
858 2678 897 2713 21
919 2677 1078 2714 cordatos
1099 2676 1186 2712 le
1266 2681 1302 2712 et
1319 2687 1445 2712 nomen
1465 2676 1506 2710 M
1582 2686 1682 2721 greco
1698 2686 1716 2710 2

137 2731 336 2770 deribatum
364 2734 482 2771 Sle
513 2734 706 2772 diribatum
733 2736 817 2772 Gml
929 2737 973 2773 22
991 2735 1162 2772 moriones
1193 2737 1226 2782 (e
1257 2748 1283 2772 s.
1316 2748 1367 2781 pr.
1401 2735 1471 2778 ο)ῐ’
1603 2734 1712 2770 uulcis

137 2793 318 2840 appellant
332 2793 363 2829 0
509 2794 562 2831 ita
575 2806 640 2832 om.
657 2796 695 2832 τὸ
829 2797 871 2833 24
889 2787 951 2842 ἧι
966 2795 1119 2832 nominis
1135 2795 1274 2832 zMde
1419 2794 1474 2829 uel
1493 2793 1663 2840 religionis
1684 2794 1715 2828 A

138 2854 212 2897 post
229 2852 400 2900 religionis
417 2854 494 2890 add.
514 2854 709 2892 reuerentia
725 2855 744 2891 b
