2002 3256
858 284 1166 320 Praefatio.
1690 273 1801 317 XIII

220 399 414 443 foedatus
437 402 501 441 est
523 398 615 449 322,
642 397 704 440 18.
728 397 821 448 333,
844 396 883 439 5.
908 396 1001 447 394,
1025 397 1089 438 26.
1115 397 1206 447 417,
1234 396 1295 438 19.
1337 396 1469 438 codici
1492 396 1535 438 in
1560 397 1801 439 uniuersum

219 465 410 521 princeps
437 463 552 507 locus
579 463 856 517 assignandus
885 466 961 504 est.
1007 461 1187 504 eontulit
1216 461 1341 504 Vrba.

148 530 187 573 E
324 530 468 574 Codex
492 529 536 572 M
553 542 576 572 ο
593 543 621 572 n
638 543 664 571 a
680 543 702 572 c
718 542 740 571 e
755 543 783 571 n
801 528 885 570 sis
914 528 1041 571 13061
1070 527 1129 582 (R
1145 542 1169 570 a
1186 531 1217 570 t.
1247 541 1268 569 c
1286 527 1297 569 i
1316 541 1355 570 u.
1384 527 1454 582 61)
1481 527 1654 570 membr.
1684 528 1798 570 mise.

219 609 324 639 saec.
344 595 433 638 XII
449 599 645 638 exaratus
662 599 738 637 est.
771 594 838 636 hic
855 594 988 636 codex
1003 606 1028 635 a
1044 593 1191 635 ceteris
1210 593 1361 648 quibus
1380 593 1441 635 usi
1459 606 1601 636 sumus
1619 593 1799 648 primuni

219 662 363 706 ordine
382 661 583 704 librorum
603 661 833 716 discrepat;
855 662 1089 714 sequuntur
1109 659 1221 701 enim
1241 658 1394 702 librum
1417 659 1436 700 I
1456 658 1551 701 libri
1574 659 1641 701 III
1662 664 1704 701 et
1728 659 1798 710 lv,

217 727 321 770 liber
339 727 382 770 II
402 726 598 770 ultimum
614 726 751 769 locum
770 725 947 768 obtinet.
970 729 1063 767 tum
1081 738 1187 767 unus
1207 725 1362 767 maiore
1379 724 1529 767 lacuna
1546 725 1588 766 in
1607 724 1712 767 libro
1732 725 1800 767 ΙΙΙ

218 793 360 844 hiscit;
386 793 678 836 desiderantur
702 791 814 834 enim
838 791 984 834 uerba:
1010 792 1102 842 363,
1129 792 1152 833 7
1176 791 1320 832 sentire
1344 817 1396 821 —
1420 791 1613 833 uiuamus
1637 791 1728 841 365,
1755 792 1797 840 7;

218 872 324 902 unus
342 858 590 915 glossemate
606 859 698 909 337,
720 858 769 900 12
786 857 958 912 insignis
968 850 1052 899 'est.
1088 856 1256 899 easdem
1274 856 1551 911 proprietates
1570 856 1799 898 ostendunt

217 925 348 967 codex
373 925 400 967 S
417 938 442 967 a
458 938 485 966 n
503 937 525 966 c
541 929 560 966 t
577 938 602 967 a
619 937 640 966 e
662 924 691 965 C
709 936 729 964 r
746 938 772 966 u
790 923 840 965 ci
858 936 876 964 s
900 923 950 965 77
971 921 1311 978 (Heiligenkreuz
1332 922 1374 964 in
1398 922 1569 965 Austria
1590 921 1800 976 inferiore)

217 1004 321 1033 saec.
350 989 623 1041 XII—XIII,
665 1003 687 1031 c
703 1003 726 1032 ο
745 989 772 1032 d
789 1003 810 1031 e
828 1002 856 1030 x
881 988 911 1030 Z
929 1003 965 1030 w
983 1002 1003 1030 e
1020 993 1039 1030 t
1056 987 1069 1030 l
1087 1002 1107 1030 e
1124 1002 1151 1030 n
1170 988 1252 1030 sis
1278 987 1446 1043 (Zwettl
1473 987 1514 1029 in
1541 988 1713 1030 Austria
1739 988 1798 1030 in·

215 1056 381 1111 feriore)
411 1057 487 1098 147
516 1068 621 1098 saec.
649 1054 751 1106 XII,
782 1055 873 1098 cod.
904 1053 1113 1096 Mellic
1131 1068 1194 1096 en
1214 1054 1296 1096 sis
1326 1055 1377 1096 27
1407 1067 1512 1096 saec.
1538 1053 1663 1103 XIII,
1695 1067 1798 1108 quos

217 1121 483 1172 contulimus,
511 1122 585 1164 sed
610 1121 653 1163 in
680 1120 1001 1164 adnotationem
1028 1133 1111 1162 non
1139 1120 1381 1175 recepimus
1427 1119 1468 1161 hi
1495 1120 1587 1170 356,
1616 1120 1667 1161 26
1694 1119 1798 1161 inse-

216 1187 340 1230 merit
368 1188 584 1242 praebent.
631 1186 812 1230 contulit
842 1186 889 1228 A.
922 1186 1151 1229 Schreiber.

144 1252 179 1295 F
320 1254 463 1296 Codex
490 1252 820 1295 Parisinus
848 1251 1290 1307 (Corbeiensis)
1320 1252 1449 1294 12208
1478 1251 1650 1292 membr.
1683 1251 1795 1292 misc.

214 1318 299 1375 f911.
320 1320 372 1362 84
391 1332 496 1361 saec.
519 1318 583 1360 XI
603 1318 782 1373 scriptus
802 1317 887 1360 foll.
910 1318 1037 1360 1-21
1058 1317 1184 1360 libros
1207 1317 1226 1358 Ι
1246 1322 1288 1359 et
1309 1317 1352 1358 II
1372 1318 1424 1359 (le
1443 1317 1608 1358 animae
1628 1316 1797 1372 origine,

214 1384 299 1427 foll.
339 1379 543 1427 21b—-tlb
582 1385 635 1427 de
673 1383 873 1439 coniugiis
911 1382 1171 1434 adulterinis,
1211 1381 1295 1425 foll.
1334 1377 1538 1424 ‹nb—51³
1574 1382 1798 1437 Augustini

215 1450 333 1506 epist.
356 1452 422 1500 36,
444 1449 529 1493 foll.
552 1444 751 1492 512—841‘
773 1453 919 1491 contra
940 1449 1228 1491 aduersarium
1257 1448 1357 1504 legis
1379 1453 1421 1490 et
1443 1448 1589 1503 proph.
1614 1448 1795 1490 exhibet.

213 1515 254 1558 in
281 1516 466 1571 margine
491 1528 653 1558 summo
679 1515 748 1558 fol.
778 1517 821 1557 1²
843 1515 946 1558 haec
971 1514 1141 1569 appicta
1174 1518 1291 1556 sunt:
1318 1513 1385 1555 Ex
1409 1513 1523 1555 libris
1549 1512 1798 1555 Corbeiensis

214 1581 393 1624 abbatiae
428 1586 462 1623 et
496 1580 561 1624 Sti
592 1581 784 1624 Germani
824 1594 850 1622 a
878 1580 1015 1622 Pratis
1042 1578 1097 1622 N.
1125 1579 1215 1622 250.
1244 1579 1282 1630 2,
1311 1579 1408 1621 olim
1433 1579 1523 1621 221.
1576 1580 1708 1622 codex
1743 1579 1797 1621 ab

212 1661 295 1690 uno
316 1647 452 1690 scriba
471 1646 661 1690 edolatus
682 1651 724 1688 et
744 1648 810 1689 ml
834 1659 941 1702 quae
961 1650 1036 1688 aut
1057 1646 1275 1688 scribentis
1296 1651 1370 1688 aut
1392 1645 1535 1687 coaeui
1556 1645 1797 1687 correctoris

212 1717 275 1754 est
301 1718 343 1755 et
368 1714 437 1756 m2
462 1712 596 1755 multo
621 1712 850 1768 posteriore
875 1712 1122 1754 emendatus
1149 1715 1224 1753 est.
1267 1711 1377 1753 hune
1404 1711 1699 1753 Benedictinos
1725 1711 1797 1752 ad-

212 1778 395 1822 hibuisse
424 1792 475 1820 ex
502 1777 849 1821 adnotationibus
877 1777 948 1820 fol.
980 1779 1030 1820 14
1058 1782 1247 1832 apparet.
1295 1776 1475 1819 eontulit
1503 1776 1628 1819 Vrba.

138 1843 173 1886 G
316 1844 459 1887 Codex
483 1844 526 1886 M
543 1857 564 1886 e
580 1848 599 1886 t
616 1857 638 1886 e
654 1858 681 1886 n
699 1843 782 1886 sis
808 1844 886 1886 226
912 1843 1085 1886 membr.
1114 1843 1228 1885 misc.
1256 1856 1361 1885 saec.
1391 1842 1556 1884 X-XI
1582 1841 1795 1884 confectus

212 1923 263 1951 ex
299 1909 434 1953 tribus
471 1910 684 1953 codicibus
722 1909 848 1953 uariis
885 1909 1079 1951 manibus
1117 1908 1361 1963 conscriptis
1399 1912 1566 1950 constat
1603 1908 1674 1963 qui
1713 1921 1795 1950 uno

212 1974 423 2018 uolumine
447 1974 723 2031 conglutinati
746 1979 857 2018 sunt.
887 1974 993 2018 liber
1015 1988 1150 2030 neque
1170 1974 1418 2030 paginarum
1443 1987 1578 2029 neque
1603 1973 1796 2015 foliorum

210 2041 393 2084 numeris
410 2041 640 2084 instructus
658 2045 734 2084 est.
769 2054 865 2096 pars
883 2040 1023 2083 media
1040 2040 1167 2083 libros
1185 2040 1239 2082 ad
1259 2039 1472 2082 Renatum
1491 2045 1533 2081 et
1551 2039 1605 2081 ad
1623 2038 1796 2080 Petrum

210 2106 301 2162 (qui
318 2106 422 2150 liber
438 2107 481 2149 in
500 2106 689 2161 catalogo
709 2105 990 2161 desideratur)
1008 2105 1312 2161 complectitur.
1347 2105 1390 2147 in
1409 2105 1493 2147 fine
1511 2104 1606 2147 libri
1625 2104 1796 2146 secundi

211 2172 505 2216 subscribitur:
531 2171 713 2227 Explicit
742 2170 840 2226 epia
864 2171 916 2214 ad
944 2175 1101 2226 petrum
1129 2171 1401 2225 presbiterum.
1437 2170 1593 2225 Incipit
1622 2169 1674 2211 ad
1703 2170 1795 2211 uin-

211 2238 386 2280 centium
412 2238 601 2281 uictorem
627 2237 674 2280 de
702 2238 838 2280 eadem
863 2251 905 2279 re
933 2237 1031 2280 liber
1057 2237 1228 2291 primus
1273 2250 1409 2292 neque
1437 2240 1581 2278 tamen
1609 2235 1713 2278 liber
1741 2235 1795 2277 ad

209 2303 478 2346 Vincentium
508 2303 720 2347 Victorem
745 2303 941 2360 *sequitur
970 2303 1043 2346 sed
1074 2302 1297 2358 Augustini
1330 2302 1449 2357 epist.
1484 2303 1572 2344 166.
1621 2315 1669 2343 ea
1700 2313 1795 2355 pars

211 2368 363 2412 codicis
394 2383 502 2425 quae
532 2370 606 2412 hos
635 2369 762 2412 libros
794 2369 982 2411 continet
1013 2382 1038 2411 a
1068 2367 1256 2424 pluribus
1286 2367 1464 2411 librariis
1496 2366 1685 2409 confecta
1717 2372 1792 2407 est.

210 2439 395 2477 correcta
419 2448 502 2477 non
528 2439 592 2477 est
615 2434 696 2478 nisi
722 2434 916 2477 manibus
941 2434 1226 2477 scribentium.
1269 2435 1324 2476 ad
1349 2433 1685 2476 emendationem
1710 2445 1792 2473 non

209 2498 391 2543 multum
420 2500 548 2543 ualet.
593 2500 774 2544 contulit
802 2500 930 2543 Vrba.

137 2563 182 2606 H
318 2565 462 2609 Codex
489 2565 523 2608 P
540 2565 740 2609 arisin
758 2580 785 2609 u
802 2579 820 2608 s
852 2565 982 2610 13369
1010 2565 1184 2608 membr.
1217 2564 1331 2606 misc.
1363 2576 1469 2607 saec.
1503 2563 1568 2605 IX
1598 2566 1793 2605 exaratus

209 2634 285 2674 est.
309 2631 364 2674 ad
385 2631 472 2674 eius
489 2631 690 2687 originem
711 2635 906 2688 spectant
923 2643 1031 2687 quae
1050 2630 1120 2674 fol.
1141 2632 1183 2673 1³
1198 2632 1421 2673 notantur:
1440 2627 1481 2669 N
1485 2662 1493 2671 .
1514 2628 1627 2670 1283.
1647 2627 1696 2669 ol.
1715 2627 1794 2669 220

208 2695 273 2738 Sti
291 2695 484 2739 Germani
508 2709 535 2739 a
558 2696 698 2740 Pratis
722 2700 765 2739 et
789 2696 859 2740 fol.
888 2691 953 2739 1¹³:
979 2695 1044 2739 Sti
1069 2695 1182 2738 Petri
1205 2694 1468 2738 Gorbeiensis.
1511 2694 1594 2736 duo
1619 2693 1713 2736 libri
1738 2693 1793 2734 ad

208 2760 258 2804 V.
287 2761 501 2805 Victorem
530 2761 632 2806 folia
661 2762 902 2806 80⁸—115·
929 2766 1149 2817 occupant.
1195 2760 1301 2804 liber
1331 2761 1528 2803 mendose
1559 2758 1793 2812 descriptus

209 2839 235 2869 a
262 2826 427 2871 duobus
456 2827 817 2884 contemporaneis
846 2826 1148 2871 correctoribus
1177 2831 1380 2882 purgatus
1410 2829 1473 2867 est
1503 2824 1576 2879 qui
1603 2822 1792 2866 terminis

207 2905 293 2935 non
308 2896 485 2949 anguste
500 2892 824 2949 circumscriptis
840 2892 1093 2936 emendandi
1108 2891 1322 2947 negotium
1339 2890 1642 2934 factitauerunt
1657 2900 1793 2942 neque
