2028 3204
620 148 688 186 111.
714 147 825 185 Index
850 147 1036 184 uerborum
1061 149 1098 182 et
1121 145 1358 182 elocutionum

235 271 440 307 miraculum
480 270 495 306 1
530 271 586 312 70,
623 269 674 305 15.
723 268 891 316 gaudium
930 265 945 302 1

234 332 312 374 506,
349 332 400 367 19.
436 330 496 365 illa
528 328 725 365 ineffabilia
757 327 773 364 1
803 328 877 370 191,
912 328 943 363 6.

236 390 408 426 ineffabili
430 390 536 426 modo
563 388 578 424 1
602 390 679 431 404,
704 389 758 424 27.

191 450 407 487 inemendati
430 449 510 485 libri
536 448 571 484 ll
597 449 672 490 126,
699 450 728 484 1.

191 509 422 546 inenarrabile
445 509 613 555 gaudium
642 507 655 543 I
679 508 757 550 507,
780 507 812 543 6.

191 570 278 606 inire
302 574 407 616 pacta
430 568 659 615 (Ehevereraq)
685 567 720 602 11
745 567 821 609 224,
845 567 876 602 6.

191 631 323 666 inerme
345 633 398 664 est
420 628 633 664 conditionis
654 627 785 663 bonum
811 625 847 662 11
870 626 945 667 151,

239 690 290 725 16.
351 689 517 724 inermem
567 697 819 733 usquequaque
866 697 946 720 con-

238 750 359 784 sistere
387 748 401 783 l
428 749 502 790 129,
527 748 558 783 5.

193 810 396 855 inexpertus
423 808 458 842 ll
484 808 559 850 199,
584 808 615 842 8.

194 868 414 915 inexplorata
439 867 577 914 culpare
604 866 619 901 1
643 867 720 908 304,
747 866 799 901 18.

193 938 521 976 inexterminabilis:
559 938 654 984 quod
691 941 773 972 ante
810 936 949 971 dicatur

238 998 552 1035 inexterminabilis
585 998 700 1032 iactus
736 996 771 1031 ΙΙ
806 997 881 1038 169,
915 997 946 1031 3.

195 1059 377 1094 infamiam
404 1058 513 1093 uereri
539 1057 574 1092 ΙΙ
599 1058 675 1098 259,
700 1057 731 1091 5.

194 1119 342 1154 infamo:
389 1123 551 1153 naturam
597 1117 653 1152 dei
697 1115 950 1151 mutabilitatis

240 1178 428 1224 obprobrio
453 1176 643 1212 infamauit
671 1175 685 1211 I
711 1177 788 1217 356,
816 1176 867 1211 13.
907 1175 949 1210 de

241 1238 369 1284 quibus
398 1248 477 1272 eum
508 1236 665 1272 homines
693 1235 865 1270 infamare
896 1246 950 1269 co-

241 1302 371 1333 nantur
390 1297 425 1332 II
445 1297 520 1338 150,
540 1298 592 1332 11.
624 1307 730 1342 quam
748 1295 869 1341 inique
887 1306 950 1329 nos

242 1357 425 1403 negatione
439 1357 572 1403 gratiae
586 1356 756 1390 infamare
770 1355 952 1401 gestierint

244 1417 278 1452 II
304 1418 378 1458 158,
403 1417 433 1452 9.
471 1427 506 1451 se
529 1415 706 1457 infamari,
730 1415 824 1461 quod
848 1418 951 1460 neget

245 1476 280 1512 ΙΙ
306 1478 382 1518 180,
407 1478 438 1512 4.

197 1549 364 1584 infantia:
377 1548 422 1583 ab
434 1547 587 1582 infantia
598 1558 708 1592 usque
720 1546 764 1581 ad
777 1549 951 1581 senectam

246 1608 280 1643 ΙΙ
299 1610 374 1649 110,
394 1610 423 1643 1.
453 1607 498 1642 ab
514 1607 591 1653 ipsa
607 1617 750 1642 exorsus
765 1605 920 1640 infantia
938 1605 953 1639 Ι

246 1669 320 1709 119,
348 1669 398 1703 13.
437 1667 575 1702 animae
598 1666 752 1701 infantia
779 1665 793 1700 I
818 1667 896 1707 344,
923 1666 952 1700 1.

242 1728 279 1762 in
314 1727 486 1762 infantiae
523 1726 714 1772 primordio
754 1725 769 1760 Ι
806 1726 883 1767 478,
922 1725 952 1760 7.

243 1787 397 1822 humana
413 1786 567 1821 infantia
584 1785 599 1820 I
615 1786 691 1828 524,
709 1786 767 1827 28;
783 1786 826 1829 cs.
846 1784 859 1819 Ι
876 1785 953 1826 384,

246 1848 299 1883 27.

200 1918 373 1953 infantilis
387 1922 485 1952 aetas
502 1917 537 1952 11
553 1918 629 1959 239,
647 1919 675 1952 l.
704 1927 830 1951 manus
847 1915 862 1950 1
877 1916 955 1957 408,

248 1979 299 2013 10.
335 1977 514 2012 infantilia
536 1976 693 2011 membra
718 1975 733 2010 I
758 1976 832 2018 119,
858 1977 887 2011 1.

200 2037 366 2072 infantuli
394 2036 428 2071 ΙΙ
454 2038 529 2078 287,
555 2039 585 2072 1.

200 2097 301 2132 inferi
325 2098 368 2141 cl.
394 2096 471 2131 Ind.
498 2107 585 2131 nom.

201 2168 365 2203 inferiora
387 2172 508 2203 nostra
531 2167 624 2214 (opp.
649 2166 827 2213 superiora
850 2166 958 2212 illius)

250 2227 264 2263 I
292 2229 367 2270 110,
393 2229 446 2263 11.
472 2228 526 2263 20.

203 2287 359 2322 infernus
380 2287 555 2322 cruciatus
579 2286 593 2321 I
614 2288 691 2328 341,
714 2287 767 2322 20.
800 2285 958 2321 infernus

247 2347 350 2382 subsc.
384 2346 400 2382 I
431 2347 508 2389 282,
539 2347 571 2382 6.
615 2347 693 2389 372,
724 2347 756 2382 6.
800 2345 958 2380 iniernus

249 2406 394 2441 inferior
418 2405 435 2441 1
457 2406 535 2448 3238,
559 2406 612 2442 21.

203 2477 331 2512 infero:
370 2477 496 2512 inferre
534 2477 876 2523 argumentationem
915 2487 959 2512 ex

249 2536 392 2583 propria
406 2547 555 2583 persona
572 2536 587 2571 1
604 2538 679 2579 131,
696 2537 749 2572 27.
776 2535 959 2571 incensum

248 2595 376 2632 inferre
410 2595 425 2631 1
456 2596 532 2638 263,
565 2596 617 2632 12.
660 2595 850 2631 inferentes
879 2605 959 2631 oon-

250 2654 439 2691 clusionem
474 2655 549 2691 eius
585 2655 600 2690 Ι
634 2656 711 2698 281,
745 2656 777 2691 8.
824 2654 960 2701 aliquid

251 2714 467 2761 quaestionis
480 2714 582 2757 1195,
595 2715 649 2751 18.
674 2715 724 2750 sic
733 2713 842 2750 infert
851 2713 961 2750 uerba

255 2773 291 2824 II
307 2774 385 2817 282,
404 2774 456 2810 15.
487 2774 615 2810 uulnus
630 2773 757 2810 inferre
776 2773 792 2809 1
808 2773 888 2816 308,
906 2774 958 2810 12.

1694 140 1774 183 673

1063 265 1181 308 intuli,
1213 265 1298 311 quia
1330 267 1367 300 et
1399 262 1579 311 apostolus
1612 263 1705 299 dixit
1741 262 1775 298 11

1066 327 1120 367 94,
1147 327 1176 361 1.
1204 326 1279 367 108,
1306 325 1358 360 13.

1020 385 1170 421 infestus
1194 384 1300 419 errori
1326 383 1360 419 ll
1386 385 1463 426 210,
1487 385 1519 419 8.

1019 445 1155 481 inficio:
1177 444 1283 479 etiam
1306 447 1340 479 te
1360 444 1445 479 deus
1466 443 1560 486 fecit,
1580 443 1640 478 sed
1660 443 1776 489 grauis

1065 516 1158 540 error
1202 504 1324 539 infecit
1369 503 1583 550 (anqesteckt,
1626 502 1776 548 belleckt)

1068 564 1102 599 II
1128 565 1203 606 279,
1229 564 1282 599 25.
1308 564 1384 605 287,
1408 564 1440 598 9.
1468 565 1519 599 14.

1019 624 1172 660 infidelis
1210 623 1267 670 (cs.
1306 623 1351 658 H.
1395 622 1538 665 Ηόηεοὴ,
1578 622 1670 657 Itala
1707 622 1779 657 und

1068 684 1228 729 ῑίίιῖῃαία2
1251 694 1326 729 paq.
1346 683 1426 727 333)
1450 682 1464 717 Ι
1487 684 1519 724 4,
1543 684 1572 718 2.
1593 683 1668 724 113,
1691 683 1722 718 2.
1745 683 1776 718 4.

1070 743 1105 778 11
1130 744 1207 785 214,
1233 745 1273 779 14
1298 746 1355 778 cel.

1021 803 1215 839 infidelitas
1248 802 1263 838 1
1293 803 1326 844 8,
1358 804 1410 838 24.
1446 804 1520 843 144,
1551 804 1582 837 4.
1614 802 1692 842 488,
1724 802 1777 836 28.

1067 864 1143 905 495,
1173 864 1226 898 22.
1271 862 1305 897 Il
1335 863 1389 904 28,
1420 863 1476 903 12;
1505 862 1549 906 cl.
1579 861 1658 896 lna.
1688 872 1776 896 nom.

1021 923 1212 959 infideliter
1241 922 1439 968 intellegere
1466 921 1480 956 I
1514 923 1588 963 114,
1606 923 1658 956 11.
1687 920 1779 955 calu-

1068 982 1194 1018 mniari
1222 981 1257 1017 II
1282 983 1359 1023 212,
1384 982 1415 1017 5.
1434 982 1509 1023 256,
1527 982 1557 1016 7.
1587 980 1780 1016 infideliter

1070 1042 1123 1078 uti
1151 1042 1185 1077 ΙΙ
1210 1042 1286 1083 215,
1313 1042 1366 1077 15.

1023 1102 1156 1138 infixus
1182 1101 1363 1136 horrendis
1389 1101 1552 1136 cautibus
1580 1100 1595 1135 I
1621 1101 1698 1142 309,
1727 1100 1778 1135 15.

1024 1162 1228 1207 insinitiuus
1255 1161 1450 1197 subiectum:
1477 1161 1506 1196 si
1532 1160 1624 1195 malo
1652 1160 1683 1195 ei
1708 1170 1781 1195 non

1070 1226 1123 1257 est
1144 1233 1258 1256 carere
1279 1221 1443 1267 possibile
1466 1220 1502 1255 ΙΙ
1524 1221 1576 1262 12,
1600 1221 1657 1261 13;
1678 1221 1721 1264 cs.
1746 1218 1779 1254 II

1073 1283 1125 1324 15,
1152 1282 1184 1316 6.
1213 1282 1243 1316 7.
1272 1282 1326 1323 27,
1353 1283 1384 1317 3.
1416 1280 1430 1315 I
1459 1282 1534 1322 124,
1561 1281 1593 1316 6.
1623 1280 1698 1322 125,
1726 1279 1778 1314 25.

1072 1343 1148 1383 239,
1166 1343 1187 1377 3
1203 1343 1260 1376 eet.
1291 1340 1463 1376 obiectum:
1481 1340 1587 1375 habet
1604 1351 1704 1385 posse
1723 1367 1729 1374 .
1747 1367 1754 1374 .
1771 1366 1778 1374 .

1074 1402 1181 1436 habet
1194 1401 1280 1436 uelle
1296 1400 1309 1435 1
1323 1402 1398 1442 282,
1411 1402 1442 1435 9.
1467 1400 1612 1435 amittat
1624 1399 1729 1434 scire.
1747 1427 1754 1434 .
1771 1426 1778 1434 .

1074 1461 1218 1496 amittat
1236 1472 1336 1506 posse
1356 1460 1369 1495 I
1388 1461 1464 1502 295,
1484 1461 1535 1495 19.
1555 1461 1613 1500 21;
1631 1461 1674 1503 cs.
1695 1459 1708 1493 I
1726 1459 1781 1500 39,

1074 1523 1106 1557 3.
1139 1520 1174 1555 ΙΙ
1206 1522 1281 1562 128,
1303 1522 1354 1556 13.
1375 1521 1430 1556 26.
1452 1521 1528 1562 129,
1548 1520 1601 1554 22.
1629 1520 1683 1555 23.
1707 1519 1781 1560 139,

1075 1582 1126 1616 15.
1156 1581 1207 1615 16.
1236 1581 1311 1622 146,
1337 1580 1368 1615 8.
1397 1581 1417 1615 9
1442 1582 1499 1615 cet.
1526 1579 1591 1623 ins.
1617 1590 1638 1613 a
1663 1590 1780 1623 praep.

1072 1641 1233 1686 pendens:
1257 1640 1300 1675 de
1324 1651 1424 1686 posse
1449 1643 1485 1675 et
1507 1650 1578 1674 non
1602 1649 1714 1685 posse,
1739 1638 1782 1673 de

1073 1712 1146 1736 esse
1165 1703 1200 1735 et
1220 1711 1290 1735 non
1310 1711 1383 1735 esse
1402 1699 1648 1734 contendimus
1670 1698 1686 1734 1
1706 1699 1779 1734 237.

1075 1761 1127 1797 26.
1163 1760 1208 1795 ad
1231 1770 1301 1794 non
1323 1771 1408 1801 esse,
1430 1770 1501 1794 non
1523 1759 1567 1793 ad
1591 1769 1660 1793 non
1683 1769 1783 1804 posse

1074 1819 1265 1866 proficiunt
1293 1819 1309 1853 I
1338 1820 1414 1861 238,
1443 1821 1474 1854 4.
1516 1818 1602 1853 illud
1631 1818 1786 1863 pertinet

1074 1880 1119 1914 ad
1137 1890 1207 1914 non
1226 1878 1479 1924 concupiscere,
1497 1878 1562 1913 hoc
1580 1878 1625 1912 ad
1643 1877 1784 1922 diligere

1078 1939 1112 1974 ΙΙ
1140 1940 1194 1981 10,
1221 1940 1274 1974 20.
1312 1938 1404 1973 inter
1429 1938 1552 1973 docere
1578 1941 1613 1972 et·
1639 1937 1785 1972 suadere

1078 1998 1113 2033 II
1146 1999 1221 2040 134,
1254 1999 1306 2033 12.
1351 1998 1394 2033 de
1426 1997 1513 2032 uelle
1543 2008 1606 2032 nec
1637 1997 1680 2032 de
1711 2007 1784 2032 esse

1079 2058 1113 2093 II
1140 2059 1214 2100 128,
1240 2059 1293 2093 28.
1333 2058 1397 2102 inl.
1422 2069 1482 2102 pro
1506 2056 1680 2103 yerundio:
1705 2067 1784 2091 cum

1076 2118 1241 2154 uoluntas
1277 2117 1370 2152 mala
1406 2120 1620 2163 potestatem
1657 2115 1786 2162 accipit

1075 2178 1206 2224 inplere
1238 2177 1253 2212 Ι
1282 2178 1358 2219 211,
1379 2177 1437 2219 25;
1457 2177 1500 2221 cs.
1523 2176 1538 2211 Ι
1558 2177 1612 2218 78,
1634 2177 1685 2211 12.
1709 2176 1785 2218 109,

1078 2239 1129 2274 18.
1162 2238 1238 2279 427,
1270 2238 1301 2272 2.
1349 2236 1384 2271 ΙΙ
1417 2238 1493 2278 120,
1524 2238 1577 2272 24.
1622 2236 1688 2280 ins.
1718 2235 1784 2279 lin.

1079 2297 1189 2339 1118,
1208 2298 1261 2333 13.
1280 2297 1356 2338 172,
1376 2297 1427 2332 15.
1448 2297 1523 2338 176,
1543 2298 1594 2331 11.
1627 2295 1735 2336 1128,
1752 2295 1783 2330 5.

1077 2358 1153 2399 261,
1172 2357 1224 2392 16.
1242 2356 1319 2398 295,
1335 2357 1367 2392 3.
1398 2356 1463 2400 ins.
1480 2355 1634 2400 pass-iuis
1649 2354 1787 2389 additus

1076 2418 1121 2461 cl.
1144 2427 1252 2462 arguo
1275 2427 1390 2451 assero
1414 2426 1535 2450 censeo
1559 2415 1670 2449 clamo
1694 2424 1787 2449 com-

1077 2487 1232 2512 memoro
1249 2476 1457 2511 commendo
1475 2474 1627 2510 concedo
1644 2473 1787 2508 conuin-

1078 2547 1118 2572 co
1137 2536 1239 2571 credo
1259 2535 1395 2570 declaro
1412 2534 1562 2570 defendo
1579 2533 1712 2568 definio
1729 2533 1787 2568 de-

1077 2595 1168 2631 lecto
1189 2595 1333 2630 dinosco
1357 2594 1483 2629 dubito
1502 2593 1666 2629 existimo
1686 2592 1788 2627 intel·

1077 2654 1154 2701 lego
1166 2654 1307 2690 inuenio
1320 2654 1436 2689 iudico
1447 2653 1522 2699 lego
1533 2656 1690 2688 monstro
1699 2662 1788 2698 nego

1078 2725 1223 2750 numero
1239 2713 1353 2749 obicio
1369 2713 1516 2748 ostendo
1532 2711 1697 2759 perhibeo
1712 2722 1788 2758 per-

1077 2773 1184 2809 mitto
1214 2772 1391 2820 praecipio
1419 2772 1530 2819 probo
1559 2775 1648 2819 puto
1678 2770 1788 2807 refero

350 2845 417 2874 Lx.
433 2844 556 2881 August.
571 2845 647 2874 vm
664 2851 729 2881 pan
748 2844 773 2874 1.
788 2843 868 2873 Vrbs
884 2846 914 2873 et
930 2844 1037 2879 zyohn.
1636 2831 1680 2867 43
