2028 3204
303 250 381 294 726

305 374 504 409 subuertere
518 373 686 418 dogmata
703 371 717 406 I
732 373 810 413 570,
825 374 854 407 1.
881 371 1057 406 hominem

350 436 502 467 stantem
522 431 535 466 I
551 433 627 473 257,
643 433 695 466 24.
725 431 933 476 sapientiam
952 430 967 465 I
982 431 1057 472 246,

352 493 403 527 10.
448 490 648 526 Manicheos
682 490 696 525 I
727 491 804 532 517,
837 492 888 525 24.
932 490 1058 525 funda-

350 555 469 585 menta
498 550 582 585 fidei
611 550 802 585 catholicae
833 549 868 584 ll
898 550 974 591 262,
1004 551 1056 585 11.

350 610 550 655 opinionem
578 609 593 643 l
617 611 671 651 31,
697 610 727 644 9.

305 670 510 704 succendere
540 669 772 714 praemiorum
804 668 1058 714 pollicitatione

353 728 387 763 II
413 730 489 769 134,
513 730 545 763 3.

305 787 531 823 successionis
558 787 707 822 uinculis
735 787 824 822 solui
854 787 869 822 I
898 787 974 828 458,
1005 788 1056 822 13.

350 847 494 882 conexio
535 846 761 881 successionis
804 846 838 881 II
882 847 956 888 225,
999 848 1057 888 20;

349 908 393 950 cl.
427 906 442 941 I
474 907 549 948 127,
580 908 612 941 4.
645 907 721 948 295,
753 908 805 941 13.
852 905 887 940 II
919 907 995 947 219,
1026 907 1056 941 9.

307 977 483 1001 successor
514 965 527 1000 Ι
560 967 635 1008 109,
665 967 696 1001 9.
727 966 802 1007 465,
835 967 886 1001 14.
930 965 1059 1011 Rogati

350 1036 525 1060 successor
555 1025 569 1059 I
596 1026 673 1066 360,
702 1026 759 1066 10;
786 1026 829 1068 cs.
860 1024 895 1059 II
924 1026 998 1066 173,
1027 1026 1057 1060 9.

306 1085 538 1120 succinctoria
551 1095 714 1119 consuere
730 1084 835 1126 1448,
851 1086 903 1119 22.
932 1084 967 1118 II
982 1085 1058 1126 270,

351 1145 388 1185 53
413 1145 455 1188 cs.
484 1144 499 1178 I
523 1145 599 1186 449,
625 1145 655 1179 3.
697 1143 732 1178 II
755 1145 832 1185 309,
857 1144 888 1179 5.
914 1144 946 1179 6.

307 1204 451 1238 sufferre
478 1204 634 1249 pondera
663 1202 677 1237 l
704 1204 780 1245 397,
809 1205 860 1238 24.
901 1203 1059 1238 nondum

353 1266 405 1298 est
435 1263 621 1308 perfectus,
651 1265 692 1297 ut
721 1263 867 1297 suffera-t
899 1262 913 1297 I
943 1263 996 1304 95,
1027 1264 1057 1298 2.

307 1322 498 1357 sufficiens:
514 1322 598 1367 quid
612 1322 766 1368 ape1tius
779 1326 814 1357 et
826 1322 1059 1357 sufficientius

352 1382 419 1416 dici
444 1382 585 1427 potest?
614 1381 628 1415 Ι
653 1382 729 1424 562,
756 1383 807 1417 19.
846 1381 1061 1416 sufficientia

351 1441 417 1476 sibi
439 1441 473 1475 ΙΙ
494 1442 568 1483 129,
589 1443 640 1476 14.
674 1441 789 1476 uerbis
807 1441 1060 1476 sufficientissi-

354 1501 420 1535 mis
447 1500 463 1535 1
486 1502 563 1542 342,
589 1501 641 1536 10.

309 1560 524 1595 sufficienter
550 1559 585 1594 II
610 1561 663 1601 77,
690 1561 741 1595 12.
768 1561 821 1602 78,
848 1561 877 1595 2.
905 1560 980 1602 156,
1007 1561 1058 1595 10.

354 1620 429 1661 258,
448 1620 499 1654 16.
532 1619 594 1661 13,
613 1621 664 1654 14.
683 1620 759 1661 461,
778 1620 830 1654 25.
860 1620 972 1654 multo
990 1620 1060 1655 suf-

353 1679 531 1714 ficientius
557 1678 571 1712 Ι
595 1679 649 1720 56,
675 1680 727 1714 21.

309 1738 523 1773 sufficientia
549 1738 564 1772 I
588 1739 664 1780 336,
690 1739 721 1773 8.
746 1739 823 1780 480,
848 1739 900 1773 29.

309 1798 454 1840 sufficit,
472 1798 566 1843 quod
583 1808 653 1832 non
669 1801 786 1843 potest
802 1798 932 1832 intrare
952 1797 966 1832 I
982 1799 1060 1840 373,

355 1858 407 1892 27.

310 1917 451 1952 sufflare
483 1916 638 1951 animam
674 1916 688 1950 I
721 1917 797 1958 332,
832 1917 884 1952 20.
917 1917 994 1959 363,
1028 1918 1058 1952 9.

353 1976 479 2010 flatum
514 1976 608 2010 uitae
645 1975 660 2010 Ι
693 1977 772 2018 330,
806 1977 836 2011 7.
885 1987 1009 2022 corpus
1045 1976 1060 2011 I

354 2037 431 2077 343,
456 2035 487 2070 6.

309 2095 505 2130 suffocatur
534 2094 679 2129 assertio
712 2094 747 2128 II
779 2096 854 2136 279,
886 2096 938 2130 23.
983 2095 1060 2129 hor-

355 2154 470 2189 rendis
485 2153 679 2188 suffoca-tur
693 2154 865 2199 angustiis
882 2153 897 2188 l
912 2155 989 2196 349,
1007 2155 1058 2190 16.

311 2213 497 2258 suffragari
521 2212 536 2247 I
558 2214 633 2254 222,
656 2213 709 2248 26.
733 2214 808 2254 233,
833 2214 884 2248 10.
907 2215 983 2255 322,
1007 2215 1058 2249 21.

354 2272 432 2315 369,
451 2272 482 2308 6.
503 2273 579 2314 473,
599 2274 651 2307 11.
684 2272 786 2307 ualde
804 2272 841 2306 in
859 2284 1061 2318 peruersum

356 2331 496 2377 Pelagio
520 2331 704 2377 suffragari
730 2331 765 2366 II
791 2333 866 2373 121,
891 2333 943 2367 23.

311 2402 471 2437 suggero:
503 2391 564 2437 qui
593 2391 678 2426 haec
707 2390 882 2437 loquenda
910 2391 1063 2426 incautis

355 2450 462 2486 etiam
490 2450 594 2485 deum
621 2450 831 2485 timentibus
857 2453 1018 2496 suggeret
1046 2450 1061 2485 I

356 2510 432 2552 276,
455 2511 491 2548 7:
513 2510 556 2554 cs.
581 2509 597 2544 I
617 2510 694 2551 349,
717 2510 769 2545 27.
805 2520 968 2555 suggeror
987 2520 1062 2544 cum

354 2569 436 2614 infit
471 2568 662 2615 adinpletio
693 2568 777 2604 boni
809 2569 922 2615 operis
954 2569 1062 2604 etiam

355 2629 429 2664 sine
465 2628 520 2664 dei
556 2628 671 2674 gratia
705 2639 804 2675 posse
840 2628 917 2663 fieri
952 2628 1063 2664 tacita

355 2687 614 2734 significatione
635 2687 832 2734 suggeritur
855 2687 892 2723 11
914 2688 990 2730 149,
1007 2689 1059 2723 11.

311 2747 548 2793 suggestiones
563 2746 694 2783 diaboli
713 2746 730 2782 1
745 2747 822 2789 452,
840 2747 894 2783 22.
911 2747 989 2790 453,
1007 2747 1059 2783 13.

312 2809 495 2853 suggestus
516 2809 682 2852 pasturae
707 2805 723 2841 Ι
745 2807 823 2849 341,
847 2807 902 2843 29.

311 2876 431 2912 sugere
461 2865 569 2902 ubera
599 2865 616 2901 I
645 2865 701 2908 69,
732 2866 790 2908 22;
820 2866 864 2911 cl.
896 2865 913 2901 1
942 2866 998 2908 70,
1029 2866 1060 2902 1.

733 253 801 289 111.
827 253 939 288 Index
963 252 1149 288 uerborum
1173 254 1210 287 et
1232 251 1467 287 elocutionum

1132 371 1187 406 sui
1209 382 1270 415 pro
1293 381 1389 415 pron.
1414 381 1520 415 poss:
1546 370 1600 406 sui
1617 372 1885 418 consumptione

1179 429 1195 465 1
1216 430 1248 472 5,
1271 431 1323 466 13.
1358 434 1540 465 accusator
1560 430 1613 465 sui
1637 430 1652 465 l
1672 431 1728 473 79,
1751 433 1803 468 14.
1836 432 1882 468 ad

1176 489 1442 525 similitudinem
1465 489 1519 524 sui
1544 489 1559 524 l
1581 490 1659 532 399,
1682 491 1735 526 25.
1770 490 1808 526 in
1830 491 1884 528 sui

1177 549 1425 594 conparatione
1447 548 1462 584 1
1481 549 1559 591 350,
1581 549 1632 585 15.
1667 549 1721 584 sui
1739 550 1883 587 notione

1179 608 1195 643 I
1223 609 1300 650 381,
1330 609 1388 650 17;
1416 610 1459 652 cs.
1491 607 1527 643 II
1556 609 1631 650 128,
1661 610 1712 644 14.
1745 609 1820 652 157,
1848 610 1880 646 5.

1180 667 1195 702 I
1217 668 1294 709 362,
1318 668 1371 703 24.
1407 678 1490 703 suus
1512 679 1573 712 pro
1594 668 1668 703 eius
1693 667 1728 703 II
1750 670 1804 710 36,
1829 670 1882 706 10.

1177 728 1232 769 39,
1255 728 1285 762 9.
1308 727 1363 769 63,
1386 727 1438 763 15.
1473 738 1552 762 eum
1573 738 1635 771 pro
1655 738 1691 762 se
1715 727 1729 763 I
1751 728 1806 771 78,
1828 729 1880 765 12.

1177 788 1254 828 392,
1271 786 1323 822 15.
1354 785 1389 820 II
1403 787 1457 828 62,
1471 788 1503 822 3.
1531 786 1589 821 illo
1603 798 1664 831 pro
1678 798 1714 822 se
1730 786 1765 822 ll
1779 788 1835 830 62,
1849 789 1881 824 2.

1181 846 1195 881 I
1217 846 1294 887 508,
1317 847 1369 881 18.
1404 857 1439 881 se
1460 857 1521 890 pro
1542 857 1599 881 eas
1623 846 1657 881 II
1679 848 1754 888 229,
1778 848 1830 883 13.
1866 847 1882 883 I

1178 907 1256 947 200,
1279 907 1311 941 3.

1133 976 1226 1000 sum:
1267 968 1319 999 est
1338 981 1369 992 ε
1390 976 1423 998 es
1461 964 1506 999 rist
1542 965 1696 1010 mo‘qlich:
1738 965 1799 1000 uix
1830 969 1884 1001 est

1178 1027 1296 1059 autem
1326 1035 1439 1059 carere
1467 1024 1546 1059 istis
1572 1024 1673 1059 malis
1704 1024 1738 1059 11
1767 1026 1821 1067 71,
1849 1025 1881 1061 5.

1178 1095 1248 1119 non
1263 1087 1317 1119 est
1331 1087 1371 1118 ut
1386 1083 1524 1118 dicatur
1541 1083 1647 1126 1313,
1663 1085 1715 1119 25.
1733 1085 1791 1126 29;
1805 1085 1849 1128 ej.
1867 1083 1883 1119 1

1178 1144 1254 1185 244,
1283 1144 1314 1178 8.
1357 1143 1458 1188 quasi
1485 1154 1555 1178 non
1583 1143 1691 1178 simus
1718 1143 1755 1178 in
1783 1143 1885 1179 nobis

1180 1202 1195 1237 l
1224 1203 1302 1244 390,
1331 1203 1361 1237 6.
1405 1203 1469 1237 hoc
1498 1203 1590 1237 enim
1620 1206 1696 1237 erat
1723 1203 1836 1238 dicere
1866 1202 1882 1238 1

1179 1263 1253 1303 122,
1275 1263 1327 1297 27.
1360 1265 1413 1296 est
1432 1266 1468 1296 et
1487 1273 1559 1297 esse
1578 1262 1616 1296 in
1634 1273 1701 1297 acc.
1722 1273 1797 1297 cum
1816 1263 1882 1306 inl.

1177 1321 1314 1366 saepius
1337 1322 1445 1362 deest„
1463 1332 1488 1356 e.
1509 1333 1555 1367 qr.
1583 1321 1615 1356 Il
1641 1323 1672 1363 7,
1698 1323 1748 1357 11.
1772 1322 1805 1363 8,
1830 1322 1882 1357 16.

1178 1382 1232 1422 48,
1250 1383 1301 1416 13.
1319 1382 1371 1422 76,
1387 1382 1418 1416 8.
1437 1381 1511 1422 126,
1527 1382 1580 1416 23.
1598 1382 1672 1422 134,
1687 1382 1718 1416 6.
1737 1382 1812 1423 180,
1829 1382 1881 1416 24.

1179 1441 1254 1482 266,
1282 1440 1322 1475 15
1346 1443 1402 1475 eet.

1134 1511 1267 1535 summe
1291 1499 1404 1534 bonus
1430 1499 1465 1533 II
1490 1500 1565 1541 285,
1593 1501 1644 1535 14.
1687 1499 1701 1534 Ι
1727 1500 1803 1541 482,
1829 1500 1882 1535 26.

1134 1559 1319 1594 summitas
1342 1559 1479 1604 regulae
1506 1558 1521 1593 I
1546 1560 1600 1601 92,
1625 1560 1677 1594 20.

1134 1629 1309 1654 summum
1323 1619 1440 1654 subsm
1456 1629 1478 1652 a
1491 1629 1626 1653 summo
1641 1618 1695 1653 dei
1711 1617 1815 1660 1400,
1830 1619 1882 1654 23.

1134 1678 1333 1713 summitto:
1372 1678 1501 1712 infanti
1537 1678 1692 1723 linguam
1731 1681 1882 1712 uestram

1178 1748 1369 1783 uocemque
1405 1737 1627 1772 summittitis
1666 1736 1680 1771 I
1716 1738 1792 1779 478,
1829 1737 1882 1772 25.

1134 1820 1267 1844 sumere
1290 1808 1426 1843 litteras
1452 1807 1487 1842 ΙΙ
1511 1808 1565 1849 51,
1590 1809 1621 1843 9.
1659 1807 1841 1842 exordium
1868 1806 1883 1842 I

1179 1870 1232 1910 11,
1252 1870 1284 1904 3.
1305 1869 1381 1909 514,
1403 1869 1454 1903 10.
1475 1868 1551 1909 517,
1573 1868 1625 1902 17.
1657 1867 1845 1912 imaginem
1867 1866 1884 1901 1

1178 1929 1256 1969 400,
1289 1929 1340 1963 17.
1385 1930 1503 1973 caput,
1534 1926 1700 1972 originem
1732 1926 1777 1961 ab
1807 1926 1884 1972 ipso

1181 1987 1197 2022 I
1220 1987 1298 2029 552,
1323 1987 1376 2022 26.

1133 2069 1235 2104 super
1267 2069 1342 2092 cum
1373 2057 1437 2093 abl.
1473 2057 1489 2091 Ι
1520 2057 1597 2099 380,
1631 2057 1684 2092 27.
1717 2057 1794 2098 381,
1829 2057 1882 2091 21.

1133 2140 1236 2175 super
1265 2129 1360 2164 adu.:
1403 2128 1489 2163 satis
1528 2138 1699 2174 superque
1739 2127 1884 2162 uidetur

1178 2188 1368 2223 absurdum
1395 2187 1410 2222 Ι
1434 2188 1511 2229 381,
1537 2188 1567 2222 7.

1134 2259 1422 2305 superaedificare
1443 2258 1540 2304 ligna.
1565 2257 1600 2293 ΙΙ
1623 2258 1679 2299 60,
1702 2258 1734 2293 8.

1134 2319 1279 2365 superbe
1297 2319 1339 2354 de
1356 2318 1427 2353 suis
1443 2317 1578 2352 uiribus
1593 2316 1708 2352 fidens
1726 2315 1762 2351 II
1778 2316 1833 2359 45,
1849 2316 1881 2351 5.

1135 2378 1311 2424 superbire
1332 2378 1375 2413 de
1394 2377 1502 2412 libero
1523 2376 1670 2411 arbitrio
1694 2375 1709 2411 I
1731 2376 1806 2418 209,
1829 2375 1882 2411 10.

1135 2436 1428 2484 supereminentia
1451 2435 1584 2482 gratiae
1609 2435 1645 2470 II
1670 2436 1745 2477 109,
1771 2435 1822 2470 17.

1135 2495 1512 2543 supereminentissima
1534 2494 1700 2541 perfectio
1720 2493 1736 2529 I
1754 2494 1831 2536 226,
1849 2494 1881 2529 4.

1135 2555 1394 2603 superexultare
1416 2554 1547 2590 iudicio
1573 2553 1588 2589 1
1613 2554 1666 2596 78,
1691 2554 1744 2589 23.

1135 2615 1349 2662 superficies:
1405 2624 1476 2649 non
1516 2613 1555 2648 in
1597 2611 1780 2659 superficie
1822 2610 1883 2647 sed

1178 2674 1319 2722 penitus
1334 2684 1436 2709 nosse
1453 2672 1490 2708 11
1507 2673 1585 2715 210,
1595 2673 1648 2708 13.
1663 2671 1756 2707 eutis
1773 2670 1883 2713 1411.

1179 2734 1232 2770 15.

1134 2804 1310 2852 superfluo
1329 2802 1503 2860 baptizari
1523 2801 1540 2838 1
1559 2802 1636 2845 142,
1655 2801 1710 2838 10.
1729 2801 1784 2837 24.
1804 2799 1881 2843 149,
1943 2817 1951 2863 ἱπ

1179 2865 1233 2900 21.
1945 2884 1953 2893 .
