2028 3204
263 228 346 272 392
698 238 754 274 IV.
792 237 845 274 De
876 240 1006 273 natura
1036 240 1073 273 et
1103 237 1236 284 origine
1265 237 1405 275 animae

261 363 617 408 tentionem
709 373 933 418 sequor
1014 363 1083 406 ad
1174 361 1434 415 palmam
1530 375 1838 418 supernae

262 426 634 472 uocationis
685 427 780 470 dei
828 427 887 470 in
936 427 1190 472 Christo
1243 427 1404 471 Iesu!

373 495 448 537 IX.
476 495 539 537 13.
566 493 630 536 An
655 494 763 536 forte
788 493 916 536 etiam
939 494 1018 537 hoe
1033 493 1132 550 quia
1147 493 1253 536 dixi:
1286 492 1413 550 quid·
1444 505 1661 544 oremus,
1698 492 1838 536 sieut

263 564 494 615 oportet,
530 558 806 610 nescimus,
831 559 1096 603 inridendum
1121 572 1187 602 me
1213 559 1427 602 arbitraris
1453 563 1496 602 et
1521 558 1838 602 inrationalibus

263 625 439 669 similem
459 624 744 668 animantibus
765 624 954 668 iudicas?
989 630 1032 668 et
1051 625 1159 668 forte
1178 625 1446 669 tolerabilius.
1483 637 1578 668 cum
1596 624 1706 667 enim
1726 629 1837 668 recto

264 704 447 747 sanoque
466 690 617 733 iudicio
637 691 780 733 futura
797 695 940 733 nostra
957 691 1192 746 praeteritis
1211 690 1490 746 praeferamus
1509 695 1551 733 et
1569 690 1702 733 oratio
1720 689 1839 733 nobis

264 771 348 799 non
375 762 546 812 propter
572 757 683 812 quod
710 755 878 807 fuimus,
906 757 977 799 sed
1004 762 1175 812 propter
1201 757 1312 812 quod
1339 756 1490 799 erimus
1517 755 1571 798 sit
1597 755 1838 806 necessaria,

264 824 397 866 multo
431 828 494 866 est
527 823 672 878 utique
703 822 918 864 molestius
952 822 1106 865 nescire
1140 822 1239 878 quid
1288 835 1450 865 oremus
1485 834 1611 877 quam
1644 821 1841 877 quemad-

265 890 438 931 modum
458 888 593 930 exorti
612 888 824 931 fuerimus.
862 888 931 930 sed
954 888 1096 931 ueniat
1116 888 1195 930 tibi
1214 887 1258 930 in
1276 893 1473 938 mentem,
1494 886 1568 929 ubi
1586 887 1664 929 hoe
1683 886 1838 943 legeris,

265 955 332 996 uel
360 954 576 1010 relegendo
606 954 737 996 recole
774 958 817 997 et
853 952 938 995 noli
967 953 1009 995 in
1036 967 1102 997 me
1130 954 1253 996 huius
1282 953 1457 996 eonuieii
1484 952 1667 1008 lapidem
1695 952 1838 1002 iaeere,

267 1033 316 1062 ne
349 1021 401 1062 ad
436 1033 559 1075 quern
591 1032 675 1062 non
705 1019 768 1062 uis
800 1019 1029 1074 perueniat.
1078 1019 1143 1061 ille
1175 1019 1261 1074 ipse
1294 1020 1447 1074 quippe
1478 1012 1630 1061 doctor'
1654 1017 1841 1073 gentium

266 1086 480 1141 apostolus
519 1085 646 1128 dixit:
703 1084 846 1140 quid
885 1085 1039 1127 enim
1079 1098 1328 1135 oremus,
1368 1084 1534 1127 sieut
1573 1087 1839 1138 oportet,

266 1163 296 1192 n
311 1165 332 1193 e
350 1164 367 1193 s
385 1164 406 1193 e
423 1151 495 1193 im
511 1165 539 1194 u
556 1165 588 1200 s,
640 1151 750 1206 quod
785 1163 871 1192 non
903 1155 1073 1192 tantum
1106 1151 1233 1193 uerbo
1268 1150 1423 1200 docuit,
1459 1150 1530 1192 sed
1565 1162 1638 1191 suo
1675 1161 1840 1204 quoque

268 1217 574 1258 demonstrauit
599 1216 801 1271 exemplo.
844 1228 942 1258 nam
968 1221 1113 1258 eontra
1138 1216 1366 1259 utilitatem
1391 1220 1433 1257 et
1458 1214 1603 1258 salutis
1629 1228 1727 1256 suae
1753 1227 1844 1269 per-

270 1281 490 1324 fectionem
509 1281 692 1324 nesciens
711 1281 872 1332 orabat,
892 1287 940 1324 ut
957 1281 1186 1324 diseederet
1203 1281 1258 1324 ab
1275 1296 1322 1324 eo
1341 1281 1532 1323 stimulus
1551 1279 1698 1330 carnis,
1719 1292 1842 1335 quem

267 1345 347 1390 sibi
366 1348 514 1390 datum
534 1347 654 1398 dixit,
675 1351 726 1389 ne
745 1347 1033 1402 magnitudine
1052 1346 1354 1390 reuelationum
1374 1359 1543 1389 suarum
1561 1345 1841 1388 extolleretur.

269 1418 311 1456 et
334 1413 433 1468 quia
458 1426 552 1455 eum
575 1413 767 1455 dominus
791 1412 1002 1468 diligebat,
1034 1425 1118 1455 non
1140 1413 1239 1456 feeit
1263 1413 1372 1470 quod
1396 1412 1635 1468 ignoranter
1656 1411 1842 1466 petebat,

269 1480 340 1521 sed
367 1485 511 1521 tamen
536 1479 607 1521 ubi
632 1478 713 1520 ait:
757 1478 899 1535 quid
926 1478 1080 1521 enim
1107 1492 1355 1528 oremus,
1383 1477 1549 1520 sieut
1575 1482 1842 1532 oportet,

270 1545 590 1595 nescimus,
631 1557 731 1586 mox
769 1543 982 1587 adiunxit:
1038 1545 1138 1586 sed
1179 1544 1309 1599 ipse
1349 1542 1619 1598 spiritus
1661 1542 1844 1585 inter-

269 1610 472 1666 pellat
509 1609 849 1665 gemitibus
889 1609 1451 1652 inenarrabilibus.
1503 1608 1603 1664 qui
1642 1613 1843 1651 autem

270 1681 601 1718 serutatur
623 1675 819 1725 eorda,
844 1674 966 1717 seit
991 1674 1133 1730 quid
1158 1675 1430 1730 spiritus
1453 1673 1676 1728 sapiat,
1703 1673 1844 1729 quia

271 1742 602 1783 seeundum
637 1741 805 1783 deum
840 1741 1225 1794 interpellat
1259 1754 1362 1795 pro
1397 1738 1652 1788 sanetis,
1704 1739 1746 1781 id
1781 1744 1843 1782 est

274 1807 546 1862 ‘interpellare
569 1810 734 1848 sanctos
753 1805 882 1856 fac-it‘,
899 1805 964 1848 ille
988 1805 1132 1861 utique
1156 1805 1338 1861 spiritus,
1359 1818 1482 1860 quem
1504 1805 1530 1847 d
1548 1819 1569 1847 e
1587 1818 1613 1846 u
1630 1817 1648 1845 s
1672 1805 1778 1846 mis
1796 1804 1809 1846 i
1825 1809 1844 1846 t

271 1872 324 1914 in
352 1873 536 1914 eorda
565 1876 782 1914 nostra
810 1871 1199 1914 clamantem:
1228 1871 1380 1920 abba,
1402 1874 1591 1926 pater,
1613 1870 1726 1911 etin
1746 1882 1843 1925 quo

273 1950 295 1980 e
311 1938 324 1979 l
340 1951 365 1980 a
382 1950 424 1978 m
442 1952 466 1980 a
483 1951 525 1979 m
543 1952 570 1980 u
588 1951 625 1980 s:
658 1951 683 1980 a
700 1937 726 1979 b
744 1937 771 1979 b
789 1950 826 1987 a,
856 1950 883 1992 p
901 1951 925 1979 a
942 1942 961 1979 t
977 1951 998 1979 e
1015 1950 1054 1987 r;
1083 1942 1308 1992 utrumque
1333 1936 1442 1978 enim
1459 1935 1620 1978 dietum
1639 1939 1702 1977 est
1718 1941 1761 1977 et
1777 1948 1844 1977 ae-

373 2050 403 2084 3.
425 2051 466 2085 12
485 2050 585 2084 Rom.
603 2049 634 2092 8,
654 2049 696 2083 26
774 2050 811 2083 11
833 2049 875 2084 cf.
898 2049 914 2083 I
931 2048 1017 2084 Tim.
1038 2050 1069 2090 2,
1089 2050 1107 2084 7
1180 2047 1220 2083 15
1239 2048 1281 2083 cf.
1303 2048 1339 2083 II
1356 2049 1430 2084 Cor.
1454 2048 1503 2091 12,
1520 2047 1608 2083 7—9
1679 2048 1721 2083 18
1740 2047 1842 2082 Rom.

276 2108 306 2150 8,
327 2109 379 2145 26.
393 2109 433 2144 27
512 2109 553 2144 23
573 2108 648 2144 Gal.
668 2110 698 2150 4,
717 2108 738 2142 6
801 2109 842 2143 24
862 2108 961 2144 Rom.
980 2108 1010 2151 8,
1031 2108 1071 2143 15

374 2187 395 2221 3
412 2185 492 2232 hoc]
503 2187 580 2222 add.
592 2186 667 2230 ipso
682 2187 712 2221 T
757 2186 921 2221 horemus
931 2186 964 2220 A
1019 2186 1039 2220 4
1054 2184 1323 2220 inderidendum
1336 2185 1363 2220 Ο
1373 2185 1468 2230 (inde
1477 2185 1517 2219 in
1526 2185 1608 2230 ras.)
1652 2183 1846 2219 inrationa-

274 2245 404 2280 bilibus
415 2246 496 2281 CEI
564 2246 584 2279 5
597 2245 841 2281 animantibus
857 2244 1005 2280 similem
1017 2245 1052 2279 H
1120 2255 1204 2280 sano
1221 2244 1427 2291 rectoqueE
1493 2243 1651 2279 6iuditia
1665 2242 1696 2277 B
1748 2252 1846 2287 prae-

274 2304 426 2339 feramus
443 2304 644 2350 praeteritis
662 2306 694 2340 E
801 2307 838 2340 et
854 2303 982 2352 oratio]
998 2315 1037 2339 eo
1054 2304 1154 2339 natio
1176 2304 1204 2340 Ο
1311 2304 1332 2339 8
1348 2303 1471 2350 utique
1488 2314 1550 2339 om.
1563 2303 1598 2338 A
1705 2301 1800 2348 quod
1817 2301 1847 2337 0

273 2364 435 2399 heremus
447 2365 479 2398 A
546 2375 649 2410 quem
662 2364 690 2399 C
755 2363 1019 2410 quaadmodum
1032 2363 1060 2398 C
1125 2364 1147 2398 9
1162 2363 1283 2399 ueniet
1293 2363 1325 2397 A
1385 2365 1502 2398 mente
1513 2362 1542 2398 0
1601 2362 1644 2398 10
1659 2360 1805 2408 legendo
1817 2361 1847 2396 0

273 2422 346 2459 noli
360 2423 413 2471 in]
430 2423 548 2458 nolum
561 2424 590 2458 C
665 2424 814 2459 eonuicu
830 2423 972 2470 quidem
989 2424 1066 2469 (om.
1085 2422 1252 2468 lapidem)
1264 2424 1297 2458 A
1373 2423 1411 2458 11
1431 2421 1628 2467 pereniatC
1704 2421 1746 2456 12
1762 2430 1845 2466 apo-

276 2482 388 2519 stolus
405 2495 467 2519 om.
482 2482 501 2517 1
574 2482 653 2519 dixi
664 2484 697 2518 A
771 2483 934 2518 horemus
945 2483 979 2517 A
1053 2483 1095 2517 13
1113 2493 1223 2529 coque
1234 2483 1267 2518 A
1341 2481 1384 2518 16
1400 2481 1519 2517 dixiA
1587 2480 1796 2517 extollerent
1804 2479 1845 2521 C,

275 2541 377 2578 om.B
444 2544 483 2578 17
502 2542 564 2589 qui
579 2542 687 2578 alium
700 2542 734 2577 A
813 2542 909 2589 eum]
919 2542 1018 2577 illum
1030 2542 1192 2579 BCIde
1254 2541 1296 2577 18
1313 2541 1494 2577 oramusE'
1560 2540 1604 2576 19
1618 2539 1739 2577 adium
1755 2538 1845 2575 sitA

275 2601 495 2649 interpellat]
510 2602 586 2638 add.
605 2613 667 2648 pro
683 2601 786 2638 nobis
798 2603 844 2645 H,
856 2603 889 2638 E
896 2602 936 2637 in
944 2613 1024 2648 my..
1035 2601 1077 2637 bd
1151 2601 1193 2637 20
1211 2601 1335 2647 quiae
1410 2602 1450 2636 21
1468 2602 1543 2646 post
1559 2598 1647 2646 quid
1663 2609 1739 2644 οη).
1756 2597 1846 2634 desi-

274 2661 374 2698 deret
384 2662 404 2696 Ι
471 2661 588 2707 sapiat
603 2661 749 2707 spiritus
759 2662 790 2696 Ε
855 2660 1032 2707 sapientia
1043 2659 1075 2695 Β
1147 2661 1190 2696 22
1206 2670 1268 2705 pro
1285 2659 1417 2696 sanctis
1430 2658 1634 2705 interpellat
1644 2656 1677 2692 B
1737 2657 1846 2694 inter·

279 2720 384 2766 pellet
400 2731 427 2756 ε.
448 2731 523 2767 eoep.
545 2720 732 2767 postulat!
811 2721 854 2756 24
869 2723 1054 2767 ete—pater
1067 2720 1235 2756 om.CDT
1300 2719 1343 2755 25
1359 2717 1583 2755 clamanusA
1655 2719 1845 2764 utrumque

276 2779 371 2816 enim
396 2780 533 2817 dictum
557 2784 595 2817 et
618 2780 752 2817 misisse
776 2779 884 2816 deum
906 2779 1073 2825 spiritum
1088 2778 1243 2816 suumin
1260 2778 1365 2815 eorda
1379 2780 1501 2814 nostra
1515 2776 1727 2813 clamantem
1751 2776 1846 2812 abba

275 2842 376 2885 pater
391 2844 428 2875 et
444 2840 616 2886 accepisse
632 2851 696 2876 nos
711 2839 875 2886 spiritum
890 2838 928 2876 in
939 2850 1009 2886 quo
1018 2838 1212 2876 clamamus
1220 2838 1315 2875 abba
1323 2840 1424 2883 pater
1436 2837 1468 2873 T
1511 2839 1567 2874 est
1583 2835 1846 2873 MARCUM

1869 962 1912 992 1⁰

1870 1290 1912 1319 15

1870 1618 1915 1647 20

1871 1945 1914 1974 25
