2028 3204
295 166 377 209 306
731 175 791 211 1v.
825 175 878 210 De
908 179 1037 211 natura
1067 178 1103 211 et
1132 174 1266 221 origine
1292 174 1432 211 animae

293 302 346 344 ab
380 302 523 344 eodem
557 301 647 353 deo,
691 301 756 343 cui
788 300 977 343 faciendo
1010 299 1199 352 materia,
1242 299 1293 341 dc
1325 312 1409 354 qua
1440 300 1554 352 facit,
1588 299 1644 343 sit
1675 300 1763 355 ipse
1796 301 1867 356 qui

292 367 407 418 facit,
459 380 507 409 ac
557 380 630 421 per
676 367 755 408 hoc
796 370 838 408 et
879 365 946 408 dei
987 366 1041 407 sit
1082 369 1236 408 natura
1276 364 1491 407 mutabilis
1533 369 1575 407 et
1615 371 1784 408 mutata
1823 366 1866 409 in

293 433 474 474 deterius
507 432 690 474 ciusdem
723 431 851 488 ipsius
884 431 949 474 dei
981 431 1034 474 ab
1067 430 1212 474 eodem
1240 430 1330 486 ipso
1352 430 1430 473 deo
1454 435 1603 474 natura
1630 431 1863 475 damnetur.

293 498 404 553 quod
451 511 525 553 pro
572 502 649 539 tua
695 497 808 539 fideli
849 496 1133 552 intellegentia
1174 509 1301 551 quam
1333 508 1416 537 non
1449 496 1504 538 sit
1535 496 1792 552 opinandum
1825 502 1866 539 et

293 577 419 618 quam
461 563 516 605 sit
558 577 582 605 a
624 563 746 605 corde
787 562 991 605 catholico
1042 561 1338 604 secludendum
1379 560 1582 617 longeque
1623 562 1865 616 fugiendum
1893 575 1910 604 5

292 629 420 671 uides.
462 629 524 671 ita
556 628 711 684 quippe
742 628 884 670 anima
915 628 982 670 uel
1012 628 1063 670 de
1095 627 1202 670 flatu
1235 627 1350 670 facta
1383 626 1448 669 uel
1481 626 1547 669 dci
1577 627 1705 670 flatus
1730 627 1865 670 factus

291 699 354 737 est
386 694 490 749 ipsa,
526 699 573 736 ut
605 707 689 736 non
721 694 772 736 de
814 694 902 748 ipso
945 693 1014 745 sit,
1058 694 1128 735 sed
1171 692 1224 735 ab
1257 693 1346 748 ipso
1379 693 1429 735 de
1461 692 1591 734 nihilo
1624 698 1764 735 creata
1797 692 1863 735 sit.

290 774 425 816 neque
469 759 580 801 enim
623 760 731 802 sicut
773 751 911 810 homo,
956 758 1123 814 quando
1164 758 1322 808 sufflat,
1369 771 1453 800 non
1485 761 1624 813 potest
1658 758 1707 800 de
1740 758 1867 800 nihilo

292 819 444 868 flatum
492 826 639 875 facere,
688 824 760 867 sed
809 839 932 880 quem
978 825 1029 866 de
1079 824 1159 866 isto
1192 837 1284 866 aere
1316 823 1446 874 ducit,
1479 823 1590 866 hunc
1620 823 1771 873 reddit,
1805 823 1866 866 ita

291 892 368 933 deo
400 891 638 946 putandum
670 895 733 932 est
765 904 886 932 auras
919 890 1079 946 aliquas
1111 889 1381 932 circumfusas
1412 889 1495 931 iam
1528 888 1666 939 fuisse,
1689 902 1865 944 quarum
1896 902 1936 932 ιο

291 957 485 1012 exiguam
529 957 739 1013 quandam
780 955 1031 1011 particulam
1073 954 1270 1009 spirando
1311 954 1497 997 traheret
1541 959 1582 996 et
1623 954 1866 1009 respirando

290 1022 543 1072 refunderet,
588 1022 756 1077 quando
789 1021 832 1063 in
864 1021 1044 1063 hominis
1085 1020 1234 1063 faciem
1267 1019 1457 1063 sufflauit
1489 1019 1607 1075 eique
1641 1019 1709 1061 illo
1742 1019 1866 1062 modo

292 1088 475 1130 animam
526 1087 637 1130 fecit.
699 1087 809 1142 quod
858 1091 900 1128 et
941 1087 975 1128 si
1014 1087 1076 1128 ita
1116 1090 1235 1137 esset,
1278 1099 1352 1128 nec
1393 1086 1451 1128 sic
1483 1085 1533 1127 (16
1565 1086 1668 1140 ipso,
1712 1085 1783 1127 sed
1814 1085 1866 1127 (16

291 1153 525 1196 subiacenti
566 1166 608 1195 re
645 1151 786 1208 aliqua
823 1152 956 1194 flabili
989 1156 1127 1208 posset
1170 1164 1257 1193 esse
1305 1151 1417 1206 quod
1448 1150 1582 1193 flauit.
1620 1150 1692 1192 sed
1726 1150 1850 1201 absit,

291 1224 338 1262 ut
371 1232 566 1274 negemus
600 1218 933 1273 omnipotentem
965 1217 1015 1259 de
1042 1216 1170 1260 nihilo
1196 1216 1347 1259 flatum
1369 1216 1482 1259 uitae
1506 1215 1639 1258 facere
1667 1216 1864 1271 potuisse,
1897 1222 1933 1252 ¹5
1979 1207 1986 1227 ⁵

291 1299 373 1340 quo
416 1285 536 1326 fieret
568 1285 693 1327 homo
724 1284 768 1326 in
802 1283 986 1325 animam
1027 1283 1185 1333 uiuam,
1232 1287 1359 1338 atque
1391 1282 1434 1323 in
1467 1294 1534 1324 eas
1567 1281 1867 1324 contrudamur

291 1351 520 1407 angustias,
555 1354 603 1392 ut
636 1349 704 1392 uel
734 1349 817 1391 iam
850 1349 975 1392 fuisse
1007 1348 1178 1404 aliquid,
1213 1348 1325 1403 quod
1356 1347 1444 1403 ipse
1476 1360 1560 1389 non
1592 1351 1713 1398 esset,
1756 1346 1866 1389 unde

290 1416 443 1458 flatum
492 1415 661 1466 faceret,
714 1415 932 1470 opinemur
975 1414 1042 1457 uel
1090 1413 1201 1469 quod
1248 1412 1452 1456 mutabile
1484 1412 1644 1455 factum
1676 1412 1865 1455 uidemus

285 1482 336 1523 de
362 1495 403 1524 se
426 1481 516 1536 ipso
544 1495 639 1523 eum
666 1479 811 1522 fecisse
838 1479 1065 1522 credamus.
1102 1479 1214 1535 quod
1246 1479 1356 1522 enim
1388 1478 1440 1519 de
1471 1478 1561 1534 ipso
1595 1482 1670 1527 est,
1706 1490 1866 1519 necesse

291 1551 354 1589 est
395 1551 444 1589 ut
487 1547 671 1589 eiusdem
712 1550 887 1588 naturae
928 1546 995 1596 sit,
1039 1545 1155 1587 cuius
1195 1545 1284 1599 ipse
1326 1549 1401 1595 est,
1445 1557 1492 1586 ac
1523 1556 1597 1599 per
1628 1543 1705 1585 hoc
1738 1542 1864 1585 etiam
1892 1553 1934 1584 2⁰

286 1612 534 1655 inmutabile
567 1612 640 1662 sit;
674 1611 814 1653 anima
846 1624 956 1661 uero,
992 1611 1103 1666 quod
1136 1623 1276 1653 omnes
1309 1609 1509 1659 fatentur,
1542 1607 1756 1650 mutabilis
1782 1612 1863 1650 est:

290 1691 373 1720 non
407 1692 500 1733 ergo
533 1678 585 1719 (16
616 1677 718 1733 ipso,
742 1676 840 1732 quia
870 1689 954 1718 non
987 1680 1049 1718 est
1080 1674 1342 1718 inmutabilis
1375 1674 1482 1716 sicut
1513 1673 1614 1730 ipse.
1657 1673 1692 1714 si
1723 1678 1864 1715 autem

288 1744 340 1786 (16
371 1743 487 1786 nulla
517 1743 599 1785 alia
628 1756 671 1784 re
703 1743 818 1784 facta
849 1746 924 1792 est,
958 1742 1010 1784 (16
1042 1740 1171 1783 nihilo
1203 1740 1318 1783 facta
1349 1745 1412 1782 cst
1443 1739 1587 1794 procul
1618 1738 1758 1788 dubio,
1793 1738 1863 1780 sed

290 1810 342 1852 ab
374 1809 477 1864 ipso.

383 1886 433 1929 V.
467 1885 503 1929 5.
555 1885 674 1936 Quod
718 1899 815 1928 uero
858 1885 964 1926 ‘eam
995 1897 1079 1927 non
1111 1883 1317 1940 spiritum,
1352 1882 1424 1925 sed
1457 1894 1604 1938 corpus
1636 1882 1736 1923 esse‘
1769 1893 1864 1923 con·
1890 1891 1932 1922 25
1984 1895 1986 1897 ’

289 1952 442 2003 tendit,
496 1952 595 2007 quid
646 1950 760 1993 aliud
808 1950 901 1992 uult
951 1949 1114 1992 efficere
1164 1962 1290 2004 quam
1322 1961 1397 1990 nos
1438 1960 1521 1989 non
1567 1960 1618 1989 ex
1649 1945 1791 1989 anima
1822 1950 1865 1987 et

290 2031 471 2073 corpore,
514 2017 587 2059 sed
620 2030 671 2059 ex
701 2016 866 2058 duobus
907 2014 975 2058 uel
1015 2014 1144 2057 etiam
1184 2014 1320 2056 tribus
1362 2017 1554 2055 constare
1596 2009 1862 2066 corporibus?

289 2096 383 2126 cum
417 2083 526 2125 enim
561 2081 736 2137 ‘spiritu‚
757 2081 898 2124 anima
929 2084 972 2122 et
1004 2093 1172 2135 corpore
1194 2083 1383 2122 constare
1405 2079 1491 2120 nos‘
1515 2077 1620 2120 dicit
1645 2081 1687 2119 et
1711 2076 1864 2118 ‘omnia

382 2255 423 2289 16
448 2254 491 2289 cf.
517 2254 602 2289 Gon.
627 2254 659 2295 2,
682 2254 701 2288 7
793 2253 847 2288 25.
873 2252 916 2287 28
935 2251 1034 2287 Vino.
1058 2251 1180 2287 Victor

382 2368 399 2402 1
418 2365 591 2412 faciendo]
608 2365 730 2401 faciem
749 2365 792 2400 de
805 2365 834 2400 Ο
923 2364 967 2400 (16
983 2374 1054 2409 qua
1069 2363 1168 2410 iacit]
1185 2355 1285 2399 adea
1301 2373 1370 2409 que
1386 2361 1471 2397 fecit
1484 2362 1516 2396 Ε
1589 2363 1609 2397 2
1626 2363 1754 2396 natura
1770 2360 1818 2396 sit
1828 2361 1859 2395 Ε

291 2425 471 2461 motabilis
482 2426 526 2460 M
617 2427 720 2460 muta
728 2426 757 2460 G
847 2426 869 2460 3
885 2424 1114 2470 ipso-quam
1129 2423 1224 2459 om.G
1313 2424 1333 2457 4
1349 2420 1567 2468 operandum
1579 2421 1608 2456 0
1690 2421 1711 2456 5
1726 2431 1749 2455 a.
1761 2420 1858 2456 om.C

292 2485 313 2520 6
330 2485 373 2520 (16
390 2485 495 2532 flatu]
512 2484 570 2520 dei
583 2484 675 2520 flatu
688 2484 706 2519 b
806 2485 825 2519 7
839 2484 953 2531 ipsoG
1038 2482 1093 2529 ut]
1106 2473 1206 2518 ΕΜ
1301 2482 1323 2517 9
1335 2482 1381 2517 de
1395 2480 1463 2516 isto
1478 2491 1557 2516 aere
1571 2479 1683 2526 ducit]
1698 2481 1859 2515 aestuare

291 2538 415 2580 duEM
431 2544 544 2591 (siquo
557 2546 686 2589 transp.
704 2543 798 2588 add.)
853 2544 894 2578 11
913 2542 1147 2588 exiguandam
1162 2541 1194 2576 B
1215 2540 1485 2587 exiguitdumG
1531 2540 1712 2586 quandam
1725 2537 1858 2574 0m.BG

292 2606 334 2640 12
351 2604 555 2640 refundaret
566 2605 599 2640 A
689 2602 746 2638 illi
757 2603 790 2638 Ε
888 2604 931 2639 13
946 2601 1033 2638 facit
1043 2603 1085 2638 M
1179 2612 1250 2637 esse
1263 2601 1305 2636 M
1397 2610 1434 2636 so
1448 2599 1525 2646 ipso
1537 2600 1570 2635 E
1668 2599 1710 2634 16
1725 2596 1821 2644 quod
1832 2597 1862 2632 C

291 2663 340 2700 eis
354 2663 416 2699 BC
536 2663 792 2699 contrudantur
803 2663 835 2697 E
971 2662 1014 2697 18
1030 2660 1340 2697 faceret—factum
1366 2670 1429 2695 om.
1440 2659 1484 2695 M
1619 2656 1803 2704 opinemur
1815 2667 1857 2692 ex

291 2723 498 2770 opineturE'
517 2722 717 2770 opineturG
861 2722 903 2757 19
919 2731 956 2756 se
970 2721 1070 2756 om.E
1207 2729 1287 2755 eum
1305 2715 1574 2754 0m.ABCFG1›d
1680 2726 1720 2752 se
1732 2715 1808 2763 ipso
1823 2717 1856 2752 Α

290 2783 333 2819 23
348 2794 384 2818 re
397 2781 504 2818 aliad
579 2773 738 2828 28E1J—sA
758 2771 891 2827 sp—mM
966 2779 1044 2826 nos]
1060 2772 1140 2814 HM
