2028 3204
167 936 206 965 10

167 1264 205 1294 15

163 1593 207 1624 80

778 200 866 237 liber
900 199 950 237 1v
979 200 1010 244 9,
1046 199 1192 242 25-10.
1225 201 1267 238 27
1734 187 1814 230 553

233 336 444 388 postremo
470 342 547 373 nec
571 328 831 386 propositum
856 327 1012 371 bonum
1038 340 1114 370 nec
1141 326 1327 370 studium
1353 325 1525 369 uirtutis
1551 338 1627 368 nec
1654 330 1816 369 mentes

232 397 361 440 bonas
378 397 465 439 sine
483 395 548 439 dei
565 394 702 451 gratia
718 394 898 451 incipere
916 407 1004 436 esse
1023 393 1064 435 in
1083 392 1321 436 hominibus
1338 391 1579 442 confitetur,
1599 404 1694 434 cum
1713 390 1816 434 dicit

233 461 290 506 ‘in
311 462 426 506 nullo
449 461 724 518 gloriandum,
748 460 916 517 quando
943 463 1132 502 nostrum
1159 458 1262 501 nihil
1288 456 1369 502 sit‘.
1399 458 1501 512 quid
1519 462 1606 500 tam
1626 458 1668 500 in
1686 457 1815 500 libero

231 528 404 572 arbitrio
428 527 719 578 constitutum,
743 539 870 582 quam
903 525 1015 581 quod
1038 525 1104 568 lex
1127 524 1229 567 dicit
1252 538 1333 567 non
1359 523 1619 567 adorandum
1642 523 1814 575 idolum,

232 608 316 638 non
336 594 653 645 moechandum,
674 605 758 636 non
778 591 1047 635 homicidium
1070 590 1424 647 perpetrandum?
1453 589 1535 632 ista
1554 595 1695 632 auteur
1716 593 1817 632 sunt

232 666 360 717 atque
386 659 623 703 huiusmodi
649 659 835 710 crimina,
860 671 966 713 quae
1000 657 1033 700 si
1070 657 1246 713 quisque
1282 655 1535 700 commiserit
1571 670 1597 698 a
1633 654 1817 711 corporis

232 726 382 770 Christi
402 726 689 769 communione
714 729 961 768 remouetur.
988 729 1032 766 et
1054 729 1196 766 tamen
1221 723 1255 765 si
1279 722 1542 766 beatissimus
1583 722 1815 778 Cyprianus

233 792 296 836 his
330 806 410 836 non
445 791 753 835 committendis
786 790 1046 834 existimaret
1078 794 1264 832 nostram
1299 788 1492 831 sufficere
1536 788 1813 837 uoluntatem,

235 872 315 901 non
346 858 403 901 sic
431 858 686 913 intellegeret
714 857 826 913 quod
854 857 893 898 in
924 856 1110 899 oratione
1138 854 1346 898 dominica
1373 854 1565 898 dicimus:
1605 867 1631 909 p
1649 867 1674 896 a
1691 867 1717 895 n
1735 867 1756 895 c
1774 867 1816 895 m

234 930 479 967 nostrum
507 923 898 966 cotidianum
925 922 989 965 da
1014 921 1191 964 nobis
1217 920 1413 972 hodie,
1431 921 1815 975 uthocnospetcre

233 990 506 1041 adseueraret,
544 1003 595 1032 ne
622 989 902 1032 intercedente
929 987 1070 1043 aliquo
1096 987 1282 1043 grauiore
1310 987 1476 1038 delicto,
1505 987 1605 1029 dum
1632 984 1815 1028 abstenti

233 1061 276 1099 et
295 1070 376 1098 non
398 1055 750 1098 communicantes
771 1068 797 1098 a
814 1054 983 1097 caelesti
1003 1067 1109 1110 pane
1129 1053 1409 1109 prohibemur,
1431 1066 1456 1095 a
1474 1052 1626 1095 Christi
1645 1064 1816 1107 corpore

234 1135 480 1178 separemur.
522 1121 800 1177 respondeant
839 1125 950 1163 certe
980 1119 1150 1162 heretici
1179 1119 1292 1170 noui,
1330 1119 1430 1174 quid
1464 1119 1669 1161 bonorum
1694 1117 1814 1160 meri-

229 1192 368 1230 torum
427 1186 647 1243 praecedat
713 1187 754 1229 in
816 1186 1054 1229 hominibus
1115 1185 1291 1228 inimicis
1358 1185 1512 1227 nomini
1574 1184 1813 1227 christiano.

234 1267 314 1297 non
358 1254 492 1296 solum
540 1253 650 1296 enini
700 1266 779 1295 non
831 1253 988 1295 habent
1037 1253 1206 1302 bonum,
1249 1251 1320 1294 sed
1359 1251 1517 1294 habent
1558 1251 1684 1293 etiam
1724 1263 1815 1305 pes-

235 1319 385 1362 simum
412 1319 619 1362 meritum.
658 1325 701 1362 et
727 1324 869 1361 tamen
895 1318 1023 1360 etiam
1050 1318 1107 1360 sic
1134 1318 1364 1374 Cyprianus
1392 1317 1606 1372 intellegit,
1635 1316 1746 1372 quod
1774 1315 1812 1357 in

234 1386 419 1428 oratione
436 1386 628 1428 dicimus:
650 1385 772 1427 fiat
797 1384 1058 1427 uoluntas
1084 1384 1246 1427 tuain
1273 1383 1445 1426 caelo
1473 1388 1529 1425 et
1557 1383 1814 1432 interra,

234 1456 283 1494 ut
305 1458 346 1494 et
368 1464 441 1507 pro
463 1451 575 1507 ipsis,
599 1450 669 1506 qui
690 1456 858 1506 propter
878 1450 957 1492 hoc
976 1455 1087 1492 terra
1107 1450 1416 1504 intelleguntur,
1438 1462 1613 1491 oremus.
1648 1460 1814 1490 oramus

236 1530 332 1573 ergo
355 1531 437 1559 non
463 1517 598 1560 solum
620 1530 693 1572 pro
716 1515 968 1567 nolentibus,
992 1529 1138 1559 uerum
1162 1516 1289 1558 etiam
1315 1528 1388 1571 pro
1422 1514 1750 1570 repugnantibus
1774 1520 1817 1555 ct

235 1583 586 1639 obpugnantibus,
633 1582 733 1638 quid
777 1595 870 1638 ergo
899 1581 1095 1637 petimuS,
1125 1582 1203 1624 nisi
1246 1587 1295 1624 ut
1338 1581 1447 1623 fiant
1490 1595 1541 1623 ex
1580 1580 1817 1622 nolentibus

235 1649 436 1700 uolentes,
449 1663 498 1691 ex
516 1648 843 1704 repugnantibus
853 1648 1170 1699 consentientes,
1183 1662 1233 1690 ex
1244 1647 1583 1703 obpugnantibus
1595 1651 1783 1689 amantes
1796 1646 1814 1688 Ρ

234 1728 260 1757 a
296 1728 379 1770 quo
418 1714 494 1756 nisi
538 1715 591 1757 ab
635 1714 718 1765 illo,
768 1715 819 1756 de
868 1727 950 1769 quo
1006 1714 1205 1769 scriptum
1254 1719 1335 1756 est:
1392 1717 1817 1769 praeparatur

235 1794 263 1823 u
281 1780 334 1823 ol
352 1794 379 1823 u
397 1794 424 1822 n
441 1786 460 1822 t
477 1794 501 1823 a
519 1795 536 1823 s
570 1794 595 1823 a
622 1781 648 1823 d
667 1794 690 1822 o
708 1794 748 1822 m
767 1779 779 1821 i
798 1793 822 1821 n
842 1780 897 1822 o‘?
928 1780 1090 1822 discant
1111 1794 1198 1822 csse
1218 1779 1413 1822 catholici
1434 1779 1503 1834 qui
1526 1779 1814 1834 dedignantur,

246 1846 403 1902 siquid
431 1846 529 1889 mali
559 1859 640 1888 non
670 1846 830 1888 faciunt
856 1851 897 1888 et
931 1846 964 1888 si
997 1846 1098 1901 quid
1131 1845 1229 1888 boni
1253 1845 1426 1896 faciunt,
1461 1858 1542 1886 non
1569 1845 1609 1886 in
1635 1858 1677 1886 se
1702 1843 1814 1899 ipsis,

237 1912 309 1954 sed
343 1912 385 1953 in
418 1912 585 1954 domino
617 1911 794 1966 gloriari.

342 1978 395 2019 X.
426 1978 490 2020 27.
532 1977 641 2019 lllud
668 1977 751 2019 iam
780 1976 950 2019 tertium
980 1976 1209 2027 uideamus,
1239 1977 1351 2031 quod
1380 1989 1462 2018 non
1491 1976 1627 2018 minus
1656 1975 1698 2017 in
1726 1974 1818 2017 istis

235 2056 356 2085 omne
374 2042 525 2085 Christi
543 2043 774 2085 membrum
796 2047 838 2084 et
860 2047 999 2084 totum
1019 2042 1105 2085 eius
1127 2055 1274 2098 corpus
1294 2042 1502 2093 exhorret,
1525 2041 1624 2097 quia
1648 2045 1815 2083 conten-

334 2156 354 2190 4
371 2155 414 2189 cf.
434 2154 499 2190 Ex.
518 2155 572 2196 20,
590 2156 605 2189 1
626 2166 701 2200 sqq.
785 2155 806 2189 9
821 2155 952 2190 Matth.
972 2155 1005 2197 6,
1024 2157 1061 2190 11
1154 2155 1194 2192 17
1211 2155 1341 2191 Matth.
1361 2155 1393 2196 6,
1412 2155 1455 2190 10
1540 2155 1581 2191 22
1600 2155 1702 2190 Prou.
1722 2155 1752 2195 8,
1771 2154 1813 2187 35

239 2215 281 2251 25
298 2213 340 2249 cf.
363 2215 470 2251 Icor.
491 2217 523 2257 1,
538 2216 578 2250 31

337 2286 356 2320 2
373 2285 488 2332 gratia
507 2285 563 2322 dei
579 2286 684 2322 Ede
743 2285 933 2333 inciperere
945 2287 978 2322 D
1039 2285 1126 2332 esse]
1143 2287 1179 2322 et
1196 2287 1319 2322 eras.O
1336 2288 1371 2321 et
1388 2299 1462 2321 esse
1475 2286 1527 2321 Db
1578 2286 1613 2320 in
1631 2285 1769 2321 omibus
1783 2286 1815 2319 I)

233 2345 254 2381 5
271 2345 501 2382 homitidium
512 2347 544 2382 B
613 2345 634 2381 6
651 2344 841 2392 quisquam
853 2346 893 2381 bd
952 2359 973 2382 a
989 2346 1083 2382 omo
1149 2357 1293 2394 corpore
1305 2346 1335 2381 V
1354 2345 1545 2393 corporis-O
1562 2348 1593 2392 (s
1609 2347 1648 2382 in
1664 2356 1729 2380 ras.
1742 2343 1813 2389 m2)

237 2407 256 2442 7
273 2404 516 2442 remouebitur
525 2404 590 2441 EF
649 2405 828 2453 ciprianus
840 2407 872 2442 Β
931 2407 952 2442 8
969 2406 1151 2442 estimaret
1163 2407 1196 2442 D
1258 2406 1302 2442 10
1317 2406 1555 2442 cottidianum
1567 2406 1597 2441 V
1665 2406 1704 2439 11
1722 2415 1814 2440 asse·

235 2468 376 2501 uetaret
389 2465 453 2511 Op.
472 2475 498 2500 ο.
591 2476 635 2501 ne
651 2464 801 2502 om.0m1
818 2477 891 2502 non
901 2465 920 2501 b
1000 2465 1234 2502 interdicente
1244 2466 1273 2501 0
1353 2466 1513 2512 greniore
1523 2466 1553 2500 V
1637 2464 1814 2510 abstenti]

235 2523 378 2562 absenti
389 2524 420 2560 V
431 2524 597 2561 absentes
606 2525 661 2561 Db
670 2524 870 2562 abstinenti
879 2525 908 2560 G
952 2527 996 2562 12
1005 2524 1064 2560 alt.
1075 2537 1097 2562 a
1107 2527 1204 2562 om.O
1244 2527 1285 2562 14
1296 2526 1480 2573 praecedet
1489 2527 1518 2562 Ο
1558 2526 1600 2561 15
1611 2525 1719 2560 habet
1727 2524 1811 2559 Oml

237 2584 280 2621 16
296 2584 327 2620 si
342 2584 404 2620 ΟΕ
464 2586 506 2623 17
524 2583 686 2622 oratione
702 2584 917 2621 dominicao
977 2584 1070 2622 sicut
1086 2584 1123 2621 in
1139 2586 1235 2622 caelo
1248 2587 1279 2622 B
1350 2588 1391 2622 18
1408 2586 1469 2632 qui
1487 2587 1630 2633 propter
1647 2586 1714 2621 hoc
1728 2583 1813 2630 quia

236 2644 425 2681 carnaliter
440 2643 572 2681 uiuunt
586 2645 681 2681 terra
697 2644 953 2692 intelleguntur
963 2645 995 2681 B
1064 2646 1109 2682 19
1122 2648 1160 2681 ct
1177 2646 1465 2692 obpugnantibus
1477 2645 1575 2682 omV
1637 2645 1679 2681 20
1696 2643 1815 2679 obiur-

235 2703 403 2752 gantibus
415 2705 448 2740 D
521 2703 590 2741 fiat
597 2704 684 2741 Oml
765 2705 806 2741 21
824 2703 1142 2752 repugnantibusO
1157 2705 1202 2751 (ti
1218 2707 1257 2742 in
1272 2716 1339 2741 ras.
1351 2703 1423 2751 m2)
1493 2704 1754 2741 consentientes
1769 2713 1815 2739 ex

235 2774 391 2811 oppugn.
409 2765 449 2800 in
463 2774 568 2812 mrq.
580 2761 670 2800 m2V
731 2765 775 2802 23
790 2757 837 2801 do
848 2765 882 2801 D
936 2764 1091 2812 discant]
1101 2765 1177 2800 add.
1190 2776 1271 2812 ergo
1283 2765 1324 2801 bd
1381 2765 1494 2812 qui*0
1554 2767 1595 2802 24
1604 2775 1674 2799 non
1684 2775 1738 2800 om
1750 2763 1814 2799 OB

238 2822 288 2870 et]
301 2838 320 2858 a
332 2823 370 2859 in
386 2824 459 2861 seO
478 2834 550 2860 non
567 2823 605 2859 in
621 2834 657 2860 se
675 2825 707 2860 B
767 2827 804 2860 et
819 2823 1035 2861 si—taciunt
1050 2824 1197 2861 s.l.m2V
1259 2826 1300 2862 27
1317 2829 1439 2863 exoret
1451 2825 1536 2862 0m1
