2028 3204
267 244 346 286 472
652 255 689 289 V.
724 256 854 290 Contra
885 254 972 290 duas
1001 254 1169 300 epistulas
1201 254 1466 301 Pelagianorum

263 393 343 435 que
369 380 635 422 refutandum
660 385 736 431 est,
764 386 976 423 remaneat
1001 381 1113 435 quod
1136 380 1264 423 uultis
1288 381 1486 424 aduersus
1509 381 1685 438 gratiam
1709 382 1836 425 intro-

263 446 410 488 ducere
445 445 650 487 meritum.
681 445 923 500 respondete
950 445 1076 501 igitur
1105 446 1155 489 de
1179 446 1336 489 meritis
1362 447 1643 502 paruulorum,
1669 460 1743 490 cur
1766 448 1836 491 alii

262 511 479 566 baptizati,
523 510 591 552 alii
624 524 705 553 non
740 511 942 567 baptizati
975 512 1025 554 de
1059 511 1296 567 corporibus
1329 518 1479 555 exeant
1511 526 1585 555 nec
1617 518 1836 568 parentum

263 577 418 619 meritis
447 577 513 618 uel
541 576 723 631 polleant
751 577 817 619 uel
844 582 1012 619 careant
1041 582 1129 620 tarn
1157 577 1371 619 excellenti
1399 577 1521 629 bono,
1551 583 1597 621 ut
1624 578 1733 621 fiant
1760 579 1836 623 filii

262 642 327 685 dci
356 656 407 684 ex
435 642 650 685 hominum
679 642 774 684 filiis
802 642 924 684 nullis
953 648 1186 698 parentum,
1216 642 1336 685 nullis
1366 643 1521 686 meritis
1551 643 1646 688 suis.
1688 658 1836 701 nempe
1863 657 1880 684 5

263 708 444 750 reticetis
477 713 518 750 et
549 721 623 750 uos
654 708 763 763 ipsos
794 708 931 763 potius
963 708 1004 750 in
1037 722 1097 759 eo,
1131 708 1241 763 quod
1271 708 1390 750 nobis
1421 709 1595 761 obicitis,
1627 710 1834 754 inuenitis.

262 787 358 815 nam
382 774 428 824 si,
452 773 524 815 ubi
555 786 637 815 non
661 779 724 815 est
746 773 953 824 meritum,
978 778 1274 829 consequenter
1297 787 1381 816 esse
1403 775 1538 817 dicitis
1560 775 1695 818 fatum
1717 780 1760 818 et
1782 776 1835 818 ob

263 841 338 881 hoc
355 839 397 881 in
414 839 549 894 gratia
566 839 631 881 dei
649 838 843 881 meritum
860 839 1036 882 hominis
1054 839 1180 882 uultis
1199 839 1394 895 intellegi,
1414 852 1463 882 ne
1479 841 1615 883 fatum
1632 841 1835 896 cogamini

265 905 469 955 confiteri,
494 918 584 947 ecce
606 919 677 947 uos
701 905 837 960 potius
859 905 1038 947 asseritis
1060 905 1195 948 fatum
1216 904 1259 946 in
1280 905 1534 961 baptismate
1554 907 1832 961 paruulorum,

266 984 440 1026 quorum
461 971 620 1013 nullum
643 984 727 1013 esse
747 971 936 1013 fatemini
956 970 1162 1013 meritum.
1187 970 1219 1012 si
1240 976 1381 1013 autem
1401 971 1442 1013 in
1463 972 1722 1027 baptizandis
1742 985 1834 1027 par-

263 1036 368 1079 uulis
388 1041 429 1078 et
447 1036 606 1078 nullum
623 1036 818 1078 meritum
838 1036 1005 1078 omnino
1025 1036 1264 1091 praecedere
1282 1042 1323 1078 et
1340 1042 1479 1079 tamen
1497 1037 1631 1080 fatum
1651 1048 1732 1078 non
1750 1051 1835 1080 esse

267 1102 505 1152 conceditis,
519 1115 591 1143 cur
601 1115 688 1153 nos,
702 1102 868 1157 quando
881 1102 1054 1144 dicimus
1066 1102 1241 1158 gratiam
1253 1102 1319 1144 dei
1337 1108 1556 1158 propterea
1578 1103 1704 1158 gratis
1730 1103 1831 1154 dari,

266 1182 316 1209 ne
347 1167 481 1223 gratia
507 1181 590 1209 non
623 1167 689 1218 sit,
722 1181 804 1210 non
835 1172 1051 1222 tamquam
1084 1167 1267 1210 debitam
1308 1168 1463 1210 meritis
1496 1168 1835 1223 praecedentibus

271 1233 399 1284 reddi,
422 1233 500 1275 fati
527 1238 746 1275 assertores
779 1245 866 1274 esse
888 1232 1053 1275 iactatis
1084 1246 1166 1275 non
1190 1233 1472 1289 intellegentes
1496 1233 1538 1275 in
1560 1233 1834 1277 iustificandis

266 1299 403 1354 impiis
433 1298 537 1341 sicut
572 1303 790 1354 propterea
824 1298 971 1340 merita
1004 1312 1086 1340 non
1121 1304 1232 1350 sunt,
1268 1299 1364 1353 quia
1397 1299 1462 1341 dei
1495 1299 1627 1355 gratia
1662 1305 1738 1350 est,
1775 1299 1835 1342 ita

264 1369 483 1420 propterea
499 1377 579 1405 non
600 1378 685 1406 esse
701 1364 850 1413 fatum,
870 1363 967 1418 quia
986 1365 1051 1406 dei
1068 1364 1201 1419 gratia
1217 1369 1293 1415 est,
1319 1365 1378 1407 ita
1400 1368 1618 1420 propterea
1641 1378 1722 1407 non
1748 1378 1834 1408 esse

266 1430 548 1485 acceptionem
574 1443 853 1484 personarum,
882 1430 979 1484 quia
1004 1430 1069 1472 dei
1095 1429 1228 1485 gratia
1254 1429 1342 1472 est?

371 1497 433 1538 12.
452 1497 605 1538 Fatum
618 1495 770 1551 quippe
786 1495 857 1550 qui
868 1496 1108 1547 adfirmant,
1122 1495 1173 1538 de
1185 1495 1362 1538 siderum
1375 1496 1576 1551 positione
1588 1496 1640 1538 ad
1654 1501 1831 1551 tempus,

265 1575 345 1616 quo
379 1561 607 1615 concipitur
637 1561 809 1616 quisque
840 1562 907 1603 uel
936 1561 1133 1611 nascitur,
1165 1574 1266 1616 quas
1299 1562 1632 1604 constellationes
1664 1566 1830 1613 uocant,

264 1640 347 1669 non
376 1627 509 1669 solum
537 1632 654 1669 actus
684 1631 726 1668 et
754 1631 917 1678 euenta,
947 1640 1089 1670 uerum
1118 1626 1244 1669 etiam
1273 1626 1380 1682 ipsas
1408 1632 1568 1669 nostras
1596 1627 1832 1670 uoluntates

263 1693 439 1748 pendere
456 1692 734 1742 contendunt,
751 1691 817 1734 dei
831 1705 929 1734 uero
943 1691 1078 1747 gratia
1090 1705 1173 1734 non
1190 1692 1321 1734 solum
1332 1692 1472 1734 omnia
1487 1692 1620 1735 sidera
1635 1698 1676 1735 et
1691 1706 1832 1735 omnes

263 1758 409 1809 caelos,
440 1771 583 1800 uerum
617 1758 743 1799 etiam
774 1771 914 1800 omnes
944 1757 1107 1813 angelos
1138 1758 1456 1813 supergreditur.
1489 1758 1635 1800 deinde
1664 1758 1740 1801 fati
1770 1771 1832 1800 as-

264 1828 437 1866 sertores
455 1829 497 1865 et
513 1823 623 1865 bona
638 1829 679 1865 et
697 1823 807 1865 mala
822 1823 1036 1865 hominum
1051 1822 1140 1865 fato
1151 1823 1363 1873 tribuunt3
1382 1823 1480 1865 deus
1498 1829 1639 1866 autem
1657 1824 1697 1865 in
1715 1823 1832 1866 malis

263 1889 479 1932 hominum
510 1889 658 1930 merita
689 1902 829 1931 eorum
851 1888 991 1930 debita
1013 1888 1285 1931 retributione
1307 1889 1577 1943 persequitur,
1600 1889 1709 1931 bona
1733 1902 1830 1931 uero

265 1968 337 2009 per
372 1954 604 1996 indebitam
638 1954 811 2009 gratiam
850 1953 1101 1996 misericordi
1137 1954 1353 1996 uoluntate
1390 1954 1573 2010 largitur,
1610 1959 1832 2009 utrumque

261 2020 414 2062 faciens
455 2034 536 2062 non
577 2033 650 2075 per
689 2020 900 2062 stellarum
941 2020 1166 2075 temporale
1207 2019 1471 2070 consortium,
1514 2020 1585 2062 sed
1624 2033 1696 2075 per
1735 2033 1831 2062 suae

265 2086 496 2128 seueritatis
535 2090 578 2128 et
614 2085 813 2128 bonitatis
860 2090 1074 2128 aeternum
1112 2085 1326 2140 altumque
1364 2084 1590 2128 consilium.
1639 2091 1831 2128 neutrum

364 2227 404 2261 12
423 2227 465 2261 cf.
486 2228 587 2263 Rom.
610 2227 662 2268 11,
681 2226 701 2261 6
779 2227 819 2261 17
839 2226 882 2262 cf.
902 2226 971 2262 Col.
990 2227 1022 2267 3,
1042 2227 1083 2260 25

366 2323 381 2355 1
403 2321 638 2367 reputandum
653 2322 682 2358 Ο
707 2322 738 2366 (t
754 2332 780 2356 s.
798 2331 864 2358 ras.
877 2320 950 2366 m1,·
965 2322 1003 2357 in
1018 2332 1082 2368 my.
1095 2319 1150 2356 m2
1165 2322 1178 2357 l
1206 2320 1425 2367 repudianda
1440 2322 1451 2357 l
1478 2321 1716 2367 rephutandfi)
1777 2325 1829 2356 est

262 2383 358 2417 om.C'
449 2383 468 2417 2
485 2381 693 2417 maritumF
790 2381 870 2426 aliis
883 2381 1003 2417 Cm3D
1097 2382 1118 2415 3
1138 2380 1201 2416 alii
1215 2391 1287 2416 non
1302 2381 1424 2426 baptiz
1432 2381 1477 2416 1ti
1492 2381 1623 2416 orn-EF
1708 2381 1730 2416 5
1745 2379 1830 2417 filiis

263 2441 446 2476 hominum
459 2440 492 2475 D
577 2443 763 2487 parentum
780 2441 886 2476 nullis
897 2440 927 2474 B
1007 2440 1142 2475 meritis
1158 2439 1243 2486 suis]
1261 2440 1409 2486 propriis
1425 2439 1629 2476 meritisOB
1704 2450 1830 2486 nempe

263 2499 420 2536 reticetis
436 2501 564 2536 om.OB
630 2502 649 2535 7
667 2499 753 2535 dicis
765 2500 797 2534 D
843 2500 957 2535 fatum
967 2500 1099 2536 om.EF
1164 2501 1202 2534 11
1216 2503 1335 2536 tamen
1345 2502 1446 2536 om.D
1506 2500 1548 2535 13
1563 2498 1626 2544 sit]
1641 2499 1717 2534 aad.
1736 2500 1773 2535 et
1789 2498 1832 2534 bd

264 2561 307 2595 14
331 2559 506 2595 iactitatis
524 2559 555 2593 B
645 2559 682 2594 in
708 2570 770 2594 om.
784 2559 814 2593 V
820 2560 838 2594 b
927 2559 968 2594 15
994 2558 1045 2594 ita
1072 2559 1271 2606 propterea]
1300 2559 1391 2595 Item
1412 2561 1445 2596 D
1534 2560 1576 2594 17
1602 2569 1828 2604 personarum

263 2619 504 2664 acceptionem
516 2618 548 2653 D
625 2618 833 2664 quia—473,
853 2619 894 2655 16
911 2628 1136 2663 personarum
1154 2619 1255 2654 om.D
1339 2619 1381 2654 18
1398 2618 1535 2654 fantum
1546 2617 1578 2652 B
1652 2617 1828 2654 sidet-um

263 2678 492 2725 positione-0
538 2679 579 2715 20
596 2689 835 2714 non—uerum
851 2679 890 2714 in
906 2690 970 2725 mq-
986 2675 1072 2714 Om2
1118 2681 1243 2714 auctus
1257 2679 1289 2714 B
1336 2676 1598 2714 uolunta-tesso
1652 2677 1696 2712 22
1711 2687 1830 2724 super-

263 2737 460 2785 graditurO
478 2736 805 2785 super-grediturV
882 2737 1006 2773 fati-B
1071 2736 1364 2774 asmsenomso
1438 2737 1482 2773 23
1497 2736 1663 2774 tribuunt
1677 2735 1829 2772 mom

262 2798 304 2834 24
320 2797 523 2833 hominibus
540 2797 602 2834 OB
678 2796 801 2833 debita
815 2795 845 2831 Ο
869 2796 908 2840 (d
924 2797 963 2833 in
987 2807 1054 2833 ras.
1074 2795 1142 2839 m2,
1168 2797 1206 2832 bi
1229 2798 1268 2834 in
1292 2807 1371 2844 mq„
1389 2798 1435 2832 ta
1458 2806 1554 2843 prox.
1571 2797 1624 2841 u.)
1691 2795 1784 2832 bona
1801 2797 1831 2832 C

263 2856 306 2893 26
323 2856 568 2903 temporale-O
643 2858 685 2893 27
701 2860 738 2892 et
754 2856 927 2892 bonitatis
941 2855 1080 2892 s.1.0m1
1637 2861 1643 2868 ’

1864 983 1905 1013 1⁰

1864 1310 1902 1339 15

1861 1638 1903 1667 20

1859 1965 1900 1994 25
