2028 3204
616 248 662 285 11.
691 248 802 285 Index
827 248 1010 284 nominum
1037 252 1075 284 et
1099 258 1227 285 rerum.

169 367 222 402 22.
239 365 364 405 11319,
380 368 431 402 13.
448 368 499 402 17.
512 367 549 402 in
561 367 636 403 eius
647 372 879 403 monumento

168 436 238 461 non
263 437 337 461 esse
362 437 502 461 carnem
527 427 711 462 inuentam
740 426 776 464 ΙΙ
801 427 879 470 245,

167 487 220 521 29.
258 485 420 532 inceptor
443 486 540 521 uitae
567 486 583 523 1
606 487 661 528 49,
687 488 741 523 21.
782 486 879 523 Iesus

167 551 327 587 uocatur,
369 545 454 592 quia
494 546 569 593 ipse
611 546 749 583 saluum
793 547 880 582 facit

166 605 335 651 populum
360 617 463 641 suum
492 605 506 641 1
531 607 608 648 248,
635 607 687 642 16.
711 606 750 642 in
773 617 877 642 carne

166 665 313 707 uenisse,
339 670 380 700 ut
404 676 525 701 omnes
551 666 754 702 uiuificaret
780 666 797 703 1
820 668 876 709 37,

167 727 218 760 14.
271 724 369 760 Iesus
406 725 566 761 Christus
602 737 753 771 magnus
789 726 877 762 deus

167 784 179 818 1
195 785 250 826 47,
266 786 297 820 9.
315 796 405 820 unus
420 790 456 820 ct
470 785 564 821 solus
578 786 748 833 magister
761 786 876 822 bonus

166 843 180 879 1
206 845 262 886 57,
293 846 344 880 18.
373 845 438 880 hoc
465 845 610 880 omnino
637 847 733 892 quod
760 850 874 892 pater,

162 904 230 938 nisi
263 905 358 950 quod
381 904 476 940 filius
497 910 551 940 est
571 905 658 951 ipse,
680 917 751 941 non
773 911 875 952 pater

164 963 178 998 1
202 965 280 1005 343,
306 965 359 999 20.
385 976 446 1010 per
469 965 647 1000 hominem
671 966 758 1001 deus
780 966 874 1001 dixit

164 1022 199 1058 Il
216 1024 293 1065 264,
310 1024 342 1059 5.
376 1023 473 1059 Iesus
489 1025 650 1060 Christus
670 1025 703 1060 11
722 1026 799 1068 225,
818 1027 871 1061 12.

1634 245 1714 287 607

986 368 1068 410 467,
1092 369 1146 404 24.
1169 379 1261 414 quae
1283 368 1502 414 rescripserit
1522 368 1715 404 Numidiae

998 427 1172 474 episcopis
1191 428 1205 462 1
1220 429 1299 471 467,
1315 429 1347 464 8.
1364 428 1439 464 eius
1454 428 1584 464 litteris
1598 428 1715 464 Caele-

998 487 1087 523 stius
1106 498 1314 523 consensum
1342 488 1546 534 praebuisse
1572 493 1715 524 tenetur

1000 546 1015 582 I
1037 548 1115 589 468,
1137 549 1169 583 3.
1193 547 1269 583 eius
1290 548 1469 583 sententia
1490 548 1534 583 de
1556 548 1715 594 paruulis

996 618 1067 642 non
1095 607 1291 653 baptizatis
1320 608 1333 642 I
1361 609 1439 650 468,
1469 610 1521 643 11.
1552 608 1714 654 Pelagius

995 667 1040 702 ad
1062 678 1141 702 eum
1163 671 1200 702 et
1220 667 1358 702 litteras
1379 673 1415 702 et
1435 668 1591 703 libellum
1613 668 1714 703 misit

998 726 1033 761 II
1054 728 1130 769 150,
1151 728 1204 763 10.
1227 727 1303 769 153,
1324 729 1376 763 27.
1401 729 1475 769 180,
1498 730 1526 763 1.
1550 728 1713 771 Pelagius

994 786 1144 821 damnat
1190 798 1210 822 a
1260 787 1408 822 Paulino
1456 788 1523 822 sibi
1571 788 1712 823 obiecta

996 845 1031 880 II
1068 848 1143 888 171,
1182 848 1232 882 12.
1268 848 1312 882 de
1346 847 1454 892 gestis
1489 847 1711 883 Palaestinae

993 906 1120 951 synodi
1143 906 1229 952 quid
1253 906 1467 942 indicauerit
1493 907 1527 941 II
1554 908 1629 949 172,
1657 910 1708 943 11.

992 966 1132 1012 qualem
1159 967 1373 1002 sententiam
1400 967 1444 1001 de
1471 967 1604 1013 Pelagii
1630 978 1710 1013 pur-

991 1025 1136 1071 gatione
1161 1026 1285 1061 tulerit
1312 1026 1346 1061 II
1373 1028 1449 1068 173,
1475 1028 1505 1062 7.

160 1088 281 1128 pastor
310 1088 493 1129 pastorum
527 1084 542 1119 I
570 1085 649 1126 570,
682 1086 734 1121 17.
766 1086 871 1120 homo
945 1085 1134 1120 innouatio
1163 1086 1316 1121 hominis
1346 1086 1380 1121 ΙΙ
1410 1088 1486 1128 277,
1514 1088 1546 1122 3.

159 1143 320 1178 Christus
347 1143 443 1179 Iesus
470 1144 485 1178 1
509 1145 587 1186 432,
614 1146 666 1180 22.

116 1201 193 1237 Iesu
214 1202 314 1238 Naue
337 1202 351 1238 1
371 1204 449 1245 263,
472 1205 523 1239 17.
546 1205 817 1250 praenuntiauit
834 1205 870 1239 in
906 1230 909 1263 ι

158 1262 288 1308 populo
301 1263 479 1298 Christum
493 1268 683 1299 uenturum
699 1264 802 1307 1145,
816 1267 869 1300 14.

111 1320 283 1367 imagines
312 1322 468 1357 uisorum
502 1323 516 1358 I
546 1326 623 1366 404,
655 1325 707 1360 15.

110 1380 310 1416 incarnatio
341 1382 476 1417 domini
510 1383 544 1418 II
575 1384 631 1425 65,
665 1385 717 1419 15.
749 1385 805 1426 68,
836 1386 868 1420 3.

157 1442 211 1483 79,
231 1444 283 1477 11.
305 1443 381 1484 187,
402 1444 453 1478 13.
475 1444 551 1485 191,
572 1444 623 1479 16.
644 1445 697 1479 20.
717 1445 771 1479 28.
794 1445 869 1486 192,

160 1503 211 1536 16.
253 1500 268 1535 I
293 1503 371 1543 433,
400 1504 413 1537 1
442 1506 500 1538 cel.

108 1559 290 1596 incensum
309 1562 487 1608 spiritale:
516 1574 577 1608 per
596 1563 661 1598 hoc
678 1563 762 1598 licet
779 1563 868 1598 mori

153 1620 228 1655 sine
247 1625 391 1666 peccato
420 1621 434 1656 I
460 1623 537 1664 263,
565 1625 616 1658 11.

106 1679 349 1715 indifferentia
381 1682 585 1727 nuptiarum
619 1687 657 1717 et
688 1682 865 1728 uirginum

156 1739 191 1774 11
217 1740 295 1782 292,
320 1741 352 1776 8.

106 1798 226 1834 inferi:
248 1799 262 1834 I
279 1801 358 1842 342,
378 1802 430 1836 17.
448 1802 526 1843 401,
547 1802 598 1837 12.
618 1802 696 1844 406,
717 1803 768 1838 13.
787 1803 866 1845 409,

153 1859 184 1893 5.
211 1860 289 1901 412,
316 1860 347 1895 9.

105 1917 278 1954 infernus:
302 1918 316 1953 I
336 1920 414 1961 282,
433 1920 465 1955 6.
485 1921 564 1962 372,
583 1922 615 1955 6.
635 1920 794 1956 infernus
812 1921 865 1955 in-

151 1977 256 2012 ferior
301 1977 316 2012 l
358 1979 436 2021 388,
480 1981 533 2014 21.
589 1979 862 2015 infernus-a·um

156 2036 168 2071 1
194 2038 272 2078 341,
299 2039 352 2073 20.

103 2096 311 2139 infidelitas,
355 2098 450 2143 quod
495 2102 679 2143 peccatum
725 2099 864 2145 proprie

148 2160 310 2198 uocatur,
331 2157 432 2203 quasi
452 2157 565 2192 solum
586 2157 645 2200 sit,
666 2158 695 2193 si
714 2169 785 2193 non
805 2170 864 2194 ex-

148 2215 324 2262 primatur
345 2217 448 2263 quale
469 2222 655 2263 peccatum
677 2218 726 2253 sit
747 2218 762 2253 1
784 2219 862 2261 488,

148 2276 207 2316 283
231 2277 275 2319 cl.
299 2277 332 2318 8,
356 2278 410 2312 24.
434 2277 514 2319 489,
537 2277 569 2313 5.
593 2278 671 2319 495,
695 2279 749 2314 22.

100 2334 345 2371 inluminatio:
380 2336 426 2371 ad
460 2336 726 2372 discernendam
762 2337 863 2384 spiri-

147 2394 255 2429 talem
279 2395 325 2430 ab
348 2395 419 2431 ista
442 2396 615 2442 corporali
639 2396 656 2431 I
679 2398 736 2439 36,
761 2399 814 2433 13.

102 2453 331 2490 Innocentius
343 2466 453 2501 papa:
467 2455 543 2491 eius
555 2455 685 2491 fitteris
698 2456 861 2503 Pelagius

146 2524 182 2548 se
211 2514 410 2550 consentire
438 2515 622 2561 respondit
651 2515 667 2550 I
695 2517 774 2559 464,
803 2517 858 2553 22.

145 2572 309 2608 Caelestii
335 2577 373 2609 et
401 2574 535 2620 Pelagii
560 2575 732 2621 dogmata
759 2576 859 2611 dam-

145 2631 248 2668 nauit
270 2632 286 2667 I
306 2633 385 2676 465,
408 2634 439 2669 9.
462 2633 592 2677 litteris
612 2634 856 2681 episcoporum

144 2691 300 2727 afrorum
329 2693 519 2739 respondet
548 2693 564 2729 1
591 2695 670 2737 465,
699 2696 753 2731 12.
781 2695 857 2731 eius

143 2751 254 2787 uerba
279 2752 325 2787 ad
352 2752 539 2788 concilium
567 2754 856 2801 Carthaginiense

145 2809 162 2845 Ι
181 2810 261 2854 466,
281 2811 313 2847 7.
334 2811 527 2850 Caelestius
556 2814 751 2850 seeundum
780 2814 856 2851 eius

143 2869 357 2907 sententiam
372 2871 494 2908 omnia
506 2872 658 2909 damnat
673 2872 783 2917 1466,
798 2875 853 2911 20.

945 1145 1239 1182 instrumentum:
1267 1147 1362 1192 quod
1380 1146 1588 1182 distinctius
1606 1151 1710 1181 uetus

990 1205 1268 1241 instrumentum
1308 1218 1415 1252 quam
1456 1211 1560 1241 uetus
1598 1210 1708 1241 testa-

990 1269 1151 1300 mentum
1180 1270 1332 1300 uocatur
1362 1266 1375 1300 1
1404 1267 1482 1307 498,
1513 1266 1566 1302 15.

944 1324 1160 1360 insufflatio:
1193 1325 1392 1360 animarum
1426 1337 1599 1361 nouarum
1632 1326 1708 1361 sine

989 1385 1183 1431 propagine
1230 1385 1514 1421 insufflationem
1565 1385 1706 1420 defendi

989 1444 1136 1480 minime
1168 1445 1397 1491 prohibemus
1433 1446 1446 1480 I
1479 1447 1558 1487 333,
1591 1447 1628 1486 82
1662 1446 1706 1489 cl.

988 1505 1066 1546 322,
1094 1506 1147 1540 10.
1173 1506 1251 1546 329,
1278 1506 1332 1540 26.
1358 1507 1437 1548 333,
1464 1507 1517 1541 25.
1543 1506 1621 1547 364,
1650 1506 1702 1540 19.

945 1563 1008 1599 Iob
1026 1560 1224 1610 praesciens
1242 1565 1420 1600 Christum
1440 1565 1485 1600 ad
1504 1565 1704 1611 passionem

988 1628 1177 1659 uenturum
1208 1624 1223 1659 I
1249 1626 1303 1666 88,
1330 1626 1361 1661 9.
1389 1636 1539 1671 magnus
1564 1624 1601 1659 in
1627 1636 1704 1670 per-

987 1683 1140 1718 ferendis
1174 1684 1470 1720 tribulationibus
1506 1685 1521 1720 Ι
1557 1686 1613 1726 89,
1649 1686 1702 1720 21.

986 1748 1088 1778 extra
1111 1744 1282 1790 populum
1307 1745 1485 1780 Christum
1511 1749 1702 1779 uenturum

986 1804 1243 1849 praenuntians
1271 1804 1307 1839 II
1332 1805 1387 1846 45,
1417 1806 1468 1840 15.
1498 1806 1574 1847 187,
1602 1805 1655 1839 22.

942 1862 1117 1898 Iohannes
1142 1863 1309 1909 Baptista
1331 1864 1564 1899 mediatorem
1589 1863 1703 1909 digito

985 1923 1233 1958 demonstrans
1250 1923 1264 1957 I
1279 1925 1357 1965 497,
1373 1925 1432 1965 213
1447 1925 1491 1968 cl.
1504 1925 1561 1965 39,
1575 1924 1607 1958 5.
1623 1924 1702 1965 494,

986 1982 1038 2017 15.
1057 1983 1135 2024 498,
1153 1984 1184 2018 3.
1203 1983 1282 2024 516,
1301 1984 1354 2018 27.
1374 1983 1594 2029 euangelista
1613 1982 1627 2017 I
1645 1984 1701 2024 40,

986 2042 1038 2077 12.
1065 2043 1144 2084 509,
1173 2043 1225 2077 19.
1251 2047 1471 2077 memoratur
1499 2043 1513 2077 1
1539 2043 1617 2084 263,
1644 2043 1698 2077 20.

941 2100 1116 2136 Iohannes
1170 2102 1602 2148 Constantinopolitanus‚
1657 2102 1701 2137 de

982 2160 1082 2196 cuius
1127 2165 1286 2197 tractatu
1333 2163 1487 2208 quodam
1536 2161 1700 2207 Pelagius

981 2219 1097 2255 locum
1124 2221 1259 2267 profert
1286 2221 1301 2256 I
1327 2223 1405 2265 291,
1431 2224 1462 2258 9.

938 2278 1113 2315 Iohannes
1158 2281 1504 2327 Hierosolymitanae
1547 2281 1699 2316 antistes

980 2339 1146 2375 ecclesiae
1189 2352 1280 2387 quae
1325 2342 1469 2387 Pelagio
1512 2345 1698 2387 praesente

979 2400 1181 2435 narrauerit
1209 2400 1243 2435 11
1264 2402 1319 2443 93,
1340 2402 1383 2437 19
1401 2413 1468 2448 sqq.
1490 2402 1545 2443 94,
1567 2402 1619 2436 13.
1641 2400 1695 2435 25.

979 2459 1034 2501 95,
1059 2460 1092 2495 6.
1121 2460 1176 2502 96,
1204 2461 1237 2496 6.
1266 2461 1344 2502 108,
1371 2463 1402 2496 4.
1432 2462 1509 2502 109,
1537 2463 1568 2496 1.
1597 2460 1650 2495 16.

935 2517 1039 2554 Ionas
1066 2520 1242 2565 propheta
1283 2520 1299 2556 1
1324 2522 1400 2561 138,
1432 2522 1471 2556 16

933 2577 1061 2624 Ioseph
1084 2579 1176 2616 iuste
1202 2580 1334 2616 uixisse
1351 2580 1503 2615 refertur
1522 2579 1538 2614 1
1555 2580 1633 2620 263,
1654 2579 1693 2613 17

933 2636 1058 2684 Ioseph
1102 2638 1159 2674 cui
1200 2639 1417 2685 desponsata
1467 2643 1545 2674 erat
1595 2638 1696 2683 uirgo

975 2697 1088 2733 Maria
1104 2697 1213 2741 1263,
1239 2699 1292 2734 19.
1320 2698 1356 2734 Il
1380 2699 1458 2741 225,
1474 2700 1528 2735 20.
1545 2699 1599 2733 24.
1616 2698 1694 2739 226,

974 2758 1030 2793 20.

930 2815 1140 2852 Iouinianus
1160 2817 1337 2852 hereticus
1356 2827 1487 2854 nouus:
1508 2815 1696 2862 uirginita-

973 2879 1046 2912 tem
1063 2876 1196 2912 Mariae
1212 2876 1423 2912 destruebat
1437 2881 1474 2912 et
1489 2875 1695 2923 uirginitati
