2028 3204
829 212 907 247 cap.
937 200 992 242 67,
1025 201 1068 236 80
1081 201 1154 236 --81
1703 192 1789 234 295

195 330 350 373 enirn
405 330 562 386 quod
618 329 758 371 uolo
814 327 979 370 facio
1034 328 1265 377 bonum,
1321 329 1422 370 sed
1478 329 1634 384 quod
1692 328 1791 371 oni

197 410 238 438 m
255 396 353 439 alu
373 409 427 447 ιιι,
457 395 484 438 h
503 409 527 437 o
544 408 566 437 c
595 409 620 437 a
635 408 662 450 g
679 394 749 437 o‘?
771 399 899 449 atque
920 393 1011 436 aliis
1034 393 1074 436 in
1105 394 1184 436 hac
1219 393 1430 436 sententia
1451 394 1791 437 commemoratis

197 461 447 505 testimoniis
467 460 708 503 diuinorum
728 459 1008 516 eloquiorum:
1031 474 1049 501 s
1067 474 1088 501 e
1106 460 1133 501 d
1164 460 1189 502 h
1209 474 1234 502 a
1251 474 1272 502 e
1291 474 1325 507 c,
1364 459 1551 516 inquam.
1590 475 1613 502 o
1633 474 1672 502 m
1693 475 1718 502 n
1739 459 1791 502 ia

196 527 502 570 hominum
566 531 710 569 sunt
773 539 953 568 uoces
1017 539 1084 567 ex
1149 525 1263 567 illa
1342 525 1564 567 mortis
1644 526 1792 568 (lam-

199 591 892 635 nationeuenientium.
925 591 1131 633 namsi
1175 591 1568 634 nonestista
1600 606 1794 646 poena

198 658 478 707 hominis,
515 658 616 700 sed
653 662 893 708 natura,
931 657 1105 699 nulla
1156 657 1281 699 ista
1320 663 1582 712 peccata
1631 663 1788 700 sunt.

197 723 347 766 deinde
375 724 499 780 paulo
528 729 642 779 post:
679 722 1078 780 relinquitur
1117 736 1271 777 ergo,
1312 723 1499 778 inquam,
1543 728 1605 766 ut
1646 724 1792 766 haee

201 804 392 845 poena
454 790 624 832 iusta
670 790 736 832 de
783 788 1190 832 damnatione
1238 788 1508 831 hominis
1558 789 1789 831 ueniat.

201 870 304 898 nee
358 856 698 898 mirandum
751 861 844 898 cst
913 855 1069 911 quod
1124 855 1221 897 uel
1273 854 1623 910 ignorando
1679 868 1789 897 non

198 922 385 964 habet
431 921 771 964 arbitrium
822 921 1086 964 liberum
1133 920 1499 963 uoluntatis
1563 922 1629 963 ad
1694 920 1793 962 eli—

199 989 455 1041 gendum
498 987 640 1043 quid
685 993 854 1030 recte
897 986 1100 1029 faeiat
1142 987 1238 1028 uel
1280 986 1633 1029 resistente
1675 1000 1791 1029 car-

199 1053 327 1097 nali
373 1053 851 1103 consuetudine,
900 1067 1051 1108 quac
1115 1052 1436 1095 uiolentia
1498 1052 1790 1095 mortalis

199 1118 631 1162 successionis
708 1120 966 1177 quoda-m
1027 1119 1196 1160 modo
1257 1118 1657 1161 naturaliter
1716 1118 1791 1161 in-

199 1184 414 1233 oleuit,
470 1184 687 1227 uideat
757 1185 903 1241 quid
958 1189 1127 1226 recte
1183 1184 1541 1227 faciendum
1597 1184 1682 1226 sit
1735 1190 1791 1226 et

200 1250 360 1294 uelit
416 1265 520 1293 nec
562 1250 767 1306 possit
833 1250 1091 1305 inplere.
1145 1250 1259 1292 illa
1324 1256 1417 1293 est
1473 1250 1629 1292 onim
1673 1264 1794 1305 pec-

200 1316 956 1371 catipoenaiustissima,
993 1315 1792 1372 utamittatquisquequo

202 1383 348 1424 bene
396 1382 488 1424 uti
549 1382 769 1432 noluit,
830 1396 955 1425 cum
1003 1381 1134 1424 sine
1184 1382 1310 1424 ulla
1359 1388 1573 1437 posset
1622 1381 1794 1424 diffi-

200 1448 460 1497 cultate,
503 1447 552 1490 si
594 1447 804 1490 uellet.
849 1448 904 1490 id
947 1453 1039 1490 est
1080 1453 1297 1496 autem,
1341 1454 1402 1490 ut
1444 1448 1545 1503 qui
1585 1448 1792 1490 sciens

203 1520 370 1556 recte
424 1528 535 1556 non
593 1513 765 1563 facit,
821 1513 1085 1556 amittat
1139 1513 1300 1555 scire
1355 1514 1498 1568 quid
1557 1518 1791 1556 rectum

200 1579 297 1629 sit,
349 1585 407 1621 et
458 1579 559 1634 qui
627 1585 794 1622 recte
863 1579 1070 1622 facere
1121 1593 1247 1622 cum
1301 1585 1515 1634 posset
1568 1579 1790 1624 noluit.

201 1645 462 1688 amittat
523 1659 699 1700 posse
758 1659 883 1688 cum
944 1645 1117 1688 uelit.
1180 1659 1308 1687 nam
1368 1650 1512 1687 sunt
1574 1658 1793 1687 reuera

202 1710 402 1753 omnia
473 1710 766 1766 peccanti
820 1711 1058 1753 animae
1113 1711 1226 1753 duo
1298 1711 1423 1753 ista
1481 1710 1791 1766 poenalia.

202 1776 571 1832 ignorantia
648 1782 705 1818 et
790 1776 1183 1820 difficultas.
1276 1790 1342 1818 ex
1418 1776 1792 1831 ignorantia

201 1842 585 1884 dehonestat
641 1855 823 1892 error,
877 1856 943 1884 ex
985 1842 1403 1885 difficultate
1457 1842 1789 1885 eruciatus

202 1907 490 1961 affligit.
538 1909 645 1950 sed
692 1908 1066 1963 approbare
1115 1907 1290 1951 falsa
1338 1922 1445 1963 pro
1496 1908 1687 1957 ueris,
1728 1915 1792 1950 ut

203 1978 370 2015 erret
414 1972 674 2022 inuitus,
719 1979 776 2016 et
822 1973 1171 2016 resistente
1216 1979 1403 2029 atque
1447 1979 1791 2028 torquente

206 2038 418 2081 dolore
458 2039 739 2081 earnalis
778 2039 1023 2082 uinculi
1071 2052 1183 2081 non
1233 2052 1411 2094 posse
1445 2037 1795 2081 alibidino-

204 2103 287 2146 sis
354 2103 649 2159 operibus
717 2110 1067 2160 temperare
1119 2119 1232 2148 non
1300 2111 1393 2147 est
1445 2110 1673 2147 natura
1722 2104 1796 2147 in-

204 2169 432 2212 stituti
514 2169 794 2219 hominis,
874 2171 974 2213 sod
1045 2184 1237 2226 poena
1305 2170 1598 2213 damnati.
1673 2185 1796 2213 cum

205 2241 407 2277 autem
473 2237 539 2278 de
606 2235 808 2278 libera
872 2236 1210 2279 uoluntate
1277 2242 1446 2279 recte
1512 2235 1794 2279 faciendi

206 2300 768 2356 loq11i11111r,(leilla
810 2301 1083 2352 scilicet,
1122 2302 1176 2345 in
1215 2315 1328 2358 qua
1378 2303 1547 2344 homo
1586 2301 1794 2344 factus

298 2433 331 2467 3.
345 2433 364 2467 7
377 2433 420 2468 cf.
434 2433 584 2478 August.
598 2432 650 2468 De
666 2432 727 2468 lib.
743 2433 819 2469 arb.
837 2432 891 2468 111
909 2434 964 2475 18,
978 2434 1031 2469 51.
1046 2435 1091 2470 52
1102 2436 1137 2470 et
1149 2433 1307 2469 Retraet.
1323 2434 1381 2475 18,
1393 2434 1414 2469 5
1426 2443 1506 2480 pag.
1519 2436 1574 2475 44,
1586 2434 1618 2470 9.
1633 2433 1687 2474 45,
1703 2436 1734 2468 8.
1753 2434 1794 2468 10

297 2523 311 2556 1
329 2521 424 2557 enim
441 2534 505 2558 om.
527 2522 667 2558 Retract.
796 2525 817 2559 2
833 2523 924 2559 hanc
939 2523 1155 2559 sententiam
1173 2524 1196 2558 d
1299 2527 1317 2559 11
1336 2523 1524 2559 hominum
1546 2523 1585 2569 (h
1603 2535 1630 2558 s.
1643 2524 1664 2558 l.
1677 2523 1749 2568 ml)
1762 2523 1792 2557 D

210 2591 313 2617 uoces
336 2592 401 2617 om.
423 2583 510 2627 Any.
534 2582 574 2618 de
593 2583 652 2618 lib.
674 2583 746 2618 arb.
764 2585 793 2617 ee
818 2582 963 2619 Retrace.
1112 2583 1368 2629 dampnatione
1393 2584 1423 2618 B
1564 2583 1585 2618 5
1606 2582 1789 2618 uenientia

209 2641 266 2685 (ni
280 2652 309 2678 ε.
322 2641 344 2677 1.
360 2642 431 2687 ml)
444 2642 476 2677 R
543 2643 584 2679 lO
597 2642 658 2678 lib.
673 2642 750 2679 arb.
762 2643 804 2678 bd
871 2645 907 2679 11
925 2644 1022 2689 quod
1035 2643 1065 2678 V
1137 2645 1178 2680 12
1192 2642 1400 2680 uiolentiam
1418 2644 1447 2678 Ρ
1511 2644 1552 2679 13
1568 2642 1747 2688 quondam
1764 2642 1793 2678 V

208 2702 251 2737 14
263 2700 352 2747 quid
367 2700 406 2747 (d
422 2711 449 2736 s.
461 2703 483 2738 1.
495 2702 568 2748 ml)
579 2702 611 2737 D
674 2702 715 2738 15
730 2710 877 2749 peccata
890 2702 919 2749 (i
934 2714 961 2738 s.
977 2703 1042 2747 lin.
1056 2705 1092 2746 a)
1106 2703 1137 2739 V
1201 2704 1244 2739 16
1259 2713 1283 2749 q
1297 2714 1331 2739 10
1342 2703 1400 2738 §R
1464 2704 1505 2739 17
1523 2702 1578 2738 uti
1593 2702 1620 2748 (i
1636 2701 1793 2748 s.1.)VE

213 2759 258 2797 18
271 2759 349 2797 ide·
357 2761 423 2797 PD
480 2762 522 2798 19
539 2762 726 2807 ίαοὶᾳῐῐῙΕ
780 2762 829 2809 qd
845 2766 982 2798 rectum
994 2763 1012 2798 b
1071 2763 1114 2798 20
1131 2761 1219 2809 quid
1230 2764 1261 2799 E
1305 2767 1442 2799 rectum
1461 2763 1566 2798 leb
1612 2773 1692 2798 com
1705 2762 1791 2799 le

209 2821 253 2856 22
268 2821 433 2867 peccanti
445 2821 484 2867 (n
501 2833 528 2856 ⁸.
539 2822 575 2860 1..
593 2821 604 2857 i
620 2833 663 2858 ex
677 2823 714 2865 o)
728 2821 760 2856 R
869 2821 911 2859 26
924 2826 1018 2858 erret
1035 2822 1088 2866 (et
1104 2823 1143 2858 in
1158 2833 1226 2858 ras.
1240 2822 1358 2865 m2>1t
1467 2822 1512 2857 30
1531 2824 1629 2857 recta
1649 2821 1791 2858 Καιναί.
