2028 3204
160 945 202 976 10

162 1273 202 1303 1⁶

162 1928 203 1958 25

767 216 854 253 liber
887 216 935 252 lv
967 217 1021 258 20,
1051 217 1194 258 33-22,
1224 217 1268 253 36
1729 207 1816 250 413

227 346 476 396 martyrum,
508 341 549 384 in
579 341 726 384 eadem
755 339 1010 383 reuelatione
1039 341 1153 383 uisus
1182 346 1247 382 est
1276 345 1319 382 et
1348 354 1478 393 agnus
1507 341 1627 395 quasi
1657 341 1814 383 occisus

235 406 395 450 habens
424 419 579 450 cornua
608 411 790 462 sepoem;
824 405 881 448 ibi
910 406 1007 461 equi
1036 405 1199 461 aliaque
1229 405 1440 458 animalia,
1472 406 1582 448 sicut
1610 407 1811 461 oportuit,

227 471 429 527 figurata;
456 472 514 515 ibi
540 476 753 527 postremo
779 476 823 514 et
847 470 992 514 stellae
1018 471 1259 514 ceciderunt
1285 477 1327 514 et
1352 472 1514 515 caelum
1538 471 1730 527 plicitum
1749 477 1814 514 est

226 541 277 581 ut
305 536 428 588 liber;
459 550 535 580 nec
564 543 707 580 tamen
737 542 839 580 tunc
868 536 1052 580 concidit
1080 537 1274 580 mundus.
1323 537 1403 580 ista
1434 537 1578 593 itaque
1607 538 1749 581 omnia
1778 538 1811 580 si

227 604 439 658 sapienter
472 603 716 658 accipimus,
753 603 947 659 quamuis
983 603 1171 646 dicamus
1208 603 1298 646 uisa
1335 603 1513 654 ueraeia,
1552 617 1633 646 non
1671 608 1812 646 tamen

229 681 328 712 uera
355 669 534 711 dicimus
563 681 748 725 corpora.

335 735 399 778 35.
423 734 662 777 Prolixioris
683 739 824 777 autem
846 733 1043 776 sermonis
1066 738 1129 776 est
1150 734 1201 776 de
1221 734 1302 775 isto
1322 747 1469 785 genere
1492 733 1813 776 similitudinum

229 799 505 855 corporalium
525 800 843 855 diligentissima
862 800 1107 855 disputatio,
1128 804 1273 841 utrum
1295 806 1337 841 et
1357 798 1507 853 angeli,
1530 813 1600 841 seu
1623 799 1718 841 boni
1741 813 1811 841 seu

229 865 341 915 mali,
369 866 425 907 sic
451 871 696 921 appareant,
723 866 892 921 quando
918 865 1052 921 specie
1077 865 1295 907 hominum
1320 864 1388 907 uel
1414 864 1698 920 quorumlibet
1724 878 1812 907 cor-

232 944 381 986 porum
412 938 634 987 apparent‚
666 945 720 974 an
752 931 938 974 habeant
968 930 1110 986 aliqua
1141 944 1240 973 uera
1273 944 1445 986 corpora
1479 937 1520 972 et
1554 930 1594 972 in
1629 930 1812 986 ipsorum

228 997 369 1052 potius
396 997 574 1040 ueritate
601 997 837 1048 uideantur,
873 1011 927 1039 an
954 1009 1052 1039 uero
1079 997 1120 1039 in
1148 997 1301 1038 somnis
1328 995 1394 1038 uel
1422 996 1462 1038 in
1489 996 1624 1039 extasi
1652 996 1694 1038 in
1721 996 1811 1038 istis

232 1067 455 1105 cernantur
485 1077 567 1105 non
597 1062 851 1118 corporibus,
901 1063 970 1104 sed
1002 1062 1341 1105 similitudinibus
1373 1075 1605 1116 corporum,
1637 1061 1812 1114 uigilan-

231 1127 345 1170 tibus
366 1133 507 1171 autem
529 1142 629 1171 uera
649 1128 854 1171 cernenda
875 1134 931 1180 et,
956 1128 989 1170 si
1010 1142 1114 1183 opus
1137 1134 1213 1178 est,
1238 1128 1365 1170 etiam
1388 1128 1598 1178 tangenda
1620 1128 1812 1179 ingerant

230 1206 415 1249 corpora.
455 1194 525 1236 sed
551 1195 633 1237 ista
656 1195 699 1237 in
723 1194 802 1237 hoc
827 1193 931 1236 libro
957 1193 1202 1249 requirenda
1227 1200 1269 1235 et
1294 1193 1592 1249 pertractanda
1616 1206 1702 1235 esse
1728 1207 1810 1235 non

231 1259 422 1302 arbitror.
459 1274 569 1302 nunc
592 1260 643 1302 de
666 1260 806 1302 anima
830 1260 1072 1314 incorporea
1095 1260 1197 1302 satis
1220 1259 1379 1301 dictum
1405 1259 1470 1301 sit.
1513 1272 1640 1314 quam
1665 1259 1696 1299 si
1722 1271 1810 1300 cor-

230 1337 398 1380 poream
428 1326 561 1367 mauis
588 1326 766 1377 eredere,
786 1326 900 1380 prius
929 1325 1005 1366 tibi
1035 1325 1319 1367 definiendum
1347 1331 1410 1367 est
1436 1324 1535 1380 quid
1565 1325 1620 1366 sit
1646 1337 1808 1379 c‹›rpuS‚

231 1404 281 1433 ne
299 1389 527 1442 forte,eum
546 1392 597 1433 de
618 1404 660 1433 re
680 1391 771 1446 ipsa
790 1391 899 1433 inter
919 1404 992 1433 nos
1012 1396 1190 1442 constet,
1211 1391 1419 1433 incassum
1438 1391 1489 1432 de
1510 1390 1674 1432 nomine
1694 1389 1808 1432 labo-

230 1468 380 1499 remuS.
422 1462 582 1511 quanta
606 1461 648 1499 te
673 1462 813 1499 tamen
840 1456 1022 1499 absurda
1046 1461 1189 1498 secuta
1213 1456 1297 1498 sint
1322 1455 1405 1498 tale
1430 1469 1577 1510 corpus
1602 1456 1643 1497 in
1668 1456 1810 1498 anima

231 1522 497 1576 cogitantem,
533 1522 673 1577 qualia
700 1528 797 1564 sunt
823 1535 929 1577 quae
956 1522 1010 1564 ab
1035 1521 1227 1564 omnibus
1255 1522 1426 1564 eruditis
1454 1534 1627 1577 corpora
1652 1534 1810 1563 nuncu-

230 1592 399 1642 pantur,
427 1588 466 1629 id
494 1592 558 1629 est
583 1601 689 1643 quae
715 1601 788 1643 per
811 1588 1059 1630 distantiam
1083 1587 1367 1642 longitudinis,
1395 1587 1642 1638 latitudinis,
1669 1586 1814 1629 altitu-

230 1653 338 1695 dinis
365 1652 548 1695 loeorum
576 1658 784 1709 occupant
812 1654 962 1709 spatia,
991 1653 1153 1695 minora
1180 1653 1411 1695 minoribus
1439 1654 1522 1695 suis
1550 1652 1741 1708 partibus
1770 1656 1814 1694 et

231 1718 389 1761 maiora
417 1718 656 1771 maioribus,
686 1724 790 1774 puto
820 1719 929 1774 quod
959 1718 1043 1761 iam
1073 1720 1298 1775 prudenter
1328 1719 1536 1761 aduertas.

340 1783 486 1827 XXII.
535 1785 599 1828 36.
652 1785 803 1827 Restat
849 1785 1066 1827 ostendere
1114 1785 1482 1840 quemadmodum,
1532 1784 1723 1838 quamuis
1772 1788 1814 1825 et

231 1850 394 1905 proprie
420 1850 585 1893 dicatur
611 1851 781 1906 spiritus
811 1864 892 1892 non
919 1850 1114 1892 uniuersa
1139 1850 1292 1901 anima,
1322 1850 1392 1892 sed
1421 1850 1576 1905 aliquid
1605 1849 1735 1904 ipsius
1762 1873 1816 1878 —

235 1915 343 1957 sicut
374 1915 588 1971 apostolus
619 1916 740 1958 dicit:
789 1920 846 1958 ct
886 1916 1134 1970 integer
1179 1915 1455 1971 spiritus
1502 1920 1712 1957 uester
1757 1919 1815 1956 et

231 1981 391 2023 anim
409 1995 434 2023 a
477 1996 498 2023 e
516 1985 535 2022 t
576 1995 597 2023 c
616 1994 717 2036 orp
736 1995 813 2032 us,
857 1980 924 2023 uel
953 1980 1054 2023 illud
1085 1980 1216 2023 multo
1246 1981 1479 2035 expressius
1509 1980 1550 2021 in
1580 1979 1684 2021 libro
1717 1979 1812 2023 Iob:

232 2045 588 2088 absoluisti
642 2046 904 2090 animam
959 2059 1140 2088 meam
1179 2045 1248 2088 ab
1298 2045 1538 2100 spiritu
1588 2058 1708 2087 meo
1747 2069 1813 2099 —,

233 2116 373 2153 tamen
405 2116 448 2154 et
476 2111 674 2155 uniuersa
706 2111 848 2154 anima
876 2111 1108 2167 appelletur
1136 2111 1214 2154 hoc
1246 2111 1427 2163 nomine,
1459 2110 1650 2166 quamuis
1680 2109 1813 2152 multo

233 2177 366 2232 magis
386 2176 489 2219 haec
510 2177 701 2232 quaestio
724 2177 940 2219 nominum
962 2178 1156 2219 uideatur
1177 2190 1277 2227 esse,
1300 2190 1382 2219 non
1406 2189 1555 2218 rerum.
1586 2189 1680 2217 eum
1702 2176 1813 2216 euim

336 2323 351 2357 1
372 2322 414 2358 cf.
435 2322 542 2367 Apoc.
561 2322 592 2365 5,
611 2322 632 2357 6
746 2325 765 2358 2
782 2323 824 2358 cf.
844 2322 952 2369 Apoc.
971 2332 999 2358 c.
1017 2323 1049 2358 6.
1069 2321 1090 2356 9
1197 2321 1241 2356 23
1257 2321 1300 2356 ci.
1319 2320 1407 2367 Eug.
1427 2320 1512 2356 Exc.
1533 2320 1596 2355 185
1613 2320 1742 2365 (CSEL
1761 2319 1814 2355 lx

235 2380 310 2424 625,
331 2381 475 2424 7—629,
497 2382 554 2428 19)
646 2382 689 2418 25
712 2382 729 2417 Ι
746 2382 862 2418 Thess
881 2382 912 2425 5,
932 2382 974 2417 23
1066 2381 1107 2416 27
1127 2381 1191 2417 Iob
1207 2382 1238 2424 7,
1260 2381 1301 2416 15

336 2472 353 2506 1
367 2474 409 2506 ut
419 2471 447 2506 C'
517 2471 538 2507 2
553 2471 663 2509 habes
675 2471 704 2508 0
762 2473 785 2509 3
795 2471 966 2518 plicatum
980 2469 1099 2507 BITC
1114 2470 1187 2516 (m2
1202 2481 1245 2506 ea:
1260 2469 1420 2516 placitu),
1435 2470 1453 2505 b
1470 2469 1587 2516 plecta
1597 2470 1629 2505 E
1689 2471 1710 2504 4
1727 2468 1814 2504 ceci-

233 2528 331 2566 ditT
405 2530 427 2566 6
443 2530 562 2567 dimus
573 2531 607 2567 A
683 2532 702 2567 7
719 2536 774 2568 est
788 2543 814 2568 s.
828 2532 850 2568 1.
868 2534 947 2568 ante
963 2536 1082 2567 autem
1095 2531 1131 2566 H
1215 2531 1236 2566 8
1253 2534 1293 2565 ut
1304 2530 1334 2566 Ο
1410 2530 1452 2566 10
1466 2529 1504 2564 in
1521 2530 1620 2565 om.E
1698 2530 1735 2563 11
1753 2539 1813 2563 ex·

233 2589 321 2626 stasi
332 2590 366 2625 A
437 2592 480 2627 12
496 2591 703 2628 cernaturE
763 2593 806 2628 13
822 2591 998 2628 eernanda
1009 2591 1038 2626 C
1109 2592 1150 2626 14
1161 2589 1338 2638 querenda
1351 2590 1383 2625 Ε
1444 2589 1485 2625 15
1502 2588 1563 2635 sit]
1579 2588 1674 2624 estE
1693 2592 1711 2630 s?
1727 2587 1815 2623 sito

235 2649 277 2684 16
292 2649 408 2697 magis
423 2650 478 2687 uis
488 2650 526 2686 Η
575 2649 835 2688 diffinienduE
879 2652 923 2688 17
938 2653 1059 2689 conste
1075 2651 1139 2686 etl
1188 2650 1230 2686 18
1245 2653 1395 2696 sequuta
1408 2650 1441 2684 A
1488 2649 1530 2683 19
1546 2651 1771 2693 nuncupatur
1781 2646 1814 2681 A

233 2712 484 2755 nuncupantur
495 2711 524 2746 Ο
584 2710 627 2748 20
642 2721 732 2758 quae
749 2710 893 2747 omeI
963 2711 1004 2747 21
1022 2710 1203 2756 sapiencia
1216 2710 1315 2746 inora
1327 2710 1359 2744 Α
1436 2707 1623 2743 minorisE
1683 2707 1725 2742 24
1742 2717 1813 2741 non

234 2768 386 2806 mona
472 2769 516 2806 25
540 2769 631 2808 dicit
654 2782 681 2807 ε.
708 2780 784 2816 exp.
811 2770 866 2806 ait
885 2771 918 2807 Τ
1010 2771 1053 2806 27
1078 2769 1214 2805 soluisti
1241 2768 1413 2815 Euqippii
1429 2768 1472 2803 M
1475 2767 1507 2802 V
1601 2778 1623 2802 a
1647 2765 1775 2812 spiritu
1795 2765 1814 2800 b

235 2827 278 2864 28
294 2828 494 2875 appellatur
509 2829 595 2878 Euq.
675 2833 747 2877 qus
761 2821 801 2866 ἐξ
816 2829 871 2866 uis
884 2829 965 2866 Βοι
1041 2829 1085 2864 29
1101 2829 1166 2864 hoc
1182 2828 1233 2864 131
1310 2827 1450 2863 uidetur
1462 2827 1495 2862 11
