2028 3204
241 228 324 272 480
621 239 660 274 V.
696 238 825 275 Contra
856 237 944 274 duas
973 237 1142 284 epistulas
1172 238 1439 285 Pelagianorum

242 365 328 408 sine
355 365 419 407 dei
445 365 578 420 gratia
606 378 678 419 per
707 377 783 407 nos
810 364 956 420 incipit
983 365 1190 421 cupiditas
1218 364 1329 416 boni,
1357 365 1492 422 ipsum
1519 371 1711 422 coeptum
1737 365 1816 410 erit

240 431 448 481 meritum,
477 430 543 472 cui
567 436 783 485 tamquam
807 443 857 472 ex
882 429 1022 473 debito
1047 431 1202 486 gratiae
1228 430 1371 474 ueniat
1394 431 1661 482 adiutorium,
1686 444 1736 475 ac
1758 432 1816 474 sic

240 497 374 552 gratia
405 495 470 537 dei
502 509 584 538 non
615 495 741 551 gratis
773 495 1008 547 donabitur,
1048 496 1118 538 sed
1149 496 1373 539 secundum
1404 496 1599 540 meritum
1628 501 1816 540 nostrum

241 561 420 604 dabitur.
454 561 645 607 dominus
676 566 831 612 autem,
868 566 916 603 ut
946 562 1211 616 responderet
1241 561 1382 604 futuro
1413 562 1592 618 Pelagio,
1623 575 1706 605 non
1735 562 1812 605 ait:

247 626 345 669 ‘sine
363 640 427 669 me
446 627 615 669 difficile
635 626 809 682 potestis
830 626 987 682 aliquid
1003 627 1164 678 facere‘,
1190 627 1261 669 sed
1284 627 1360 670 ait:
1381 627 1474 670 sin
1490 641 1511 670 e
1542 641 1585 670 m
1601 641 1623 670 e
1654 627 1711 670 ni
1728 628 1812 671 hil

242 706 268 747 p
287 706 310 734 o
328 698 347 734 t
364 706 385 734 e
404 707 421 735 s
439 696 457 734 t
474 692 486 733 i
504 707 520 734 s
560 692 577 733 f
594 706 619 734 a
636 706 657 735 c
673 706 694 734 e
711 705 730 734 r
747 704 780 735 e.
824 697 866 734 et
905 697 953 735 ut
992 692 1258 748 responderet
1291 692 1441 736 futuris
1481 693 1609 735 etiam
1645 693 1734 736 istis
1773 694 1817 736 in

244 758 388 800 eadem
416 757 505 813 ipsa
531 757 767 814 euangelica
795 758 1012 809 sententia,
1041 771 1122 800 non
1153 757 1230 801 ait:
1262 758 1354 801 sin
1371 772 1392 800 e
1420 772 1462 801 m
1479 772 1500 801 e
1527 758 1627 801 nih
1643 759 1688 801 il
1714 773 1742 815 p
1760 772 1783 802 o
1800 783 1816 790 -

243 830 261 865 t
277 837 298 865 e
317 838 333 866 3
352 831 369 865 t
388 823 399 864 i
417 837 434 866 s
455 823 692 878 ‘perficere‘,
706 823 775 866 sed
794 823 810 864 f
827 838 853 866 a
869 837 891 866 c
907 837 928 865 e
944 837 964 866 r
981 837 1014 866 e.
1035 837 1132 866 nam
1151 823 1184 865 si
1207 823 1431 879 ‘perficere‘
1451 824 1636 875 dixisset,
1648 830 1816 880 possent

242 889 309 931 isti
346 889 478 932 dicere
514 902 595 931 non
632 889 686 931 ad
721 889 999 944 incipiendum
1033 889 1202 940 bonum,
1232 889 1343 944 quod
1369 903 1395 932 a
1419 889 1535 932 nobis
1562 894 1638 941 est,
1667 890 1737 932 sed
1763 891 1816 932 ad

242 954 538 1010 perficiendum
567 967 653 997 esse
684 955 748 996 dei
782 955 1037 997 adiutorium
1067 955 1353 997 necessarium.
1395 968 1539 997 uerum
1567 955 1743 998 audiant
1771 960 1814 997 et

241 1021 489 1075 apostolum.
519 1020 709 1062 dominus
730 1020 841 1062 enim
865 1034 959 1062 cum
985 1019 1062 1063 ait:
1093 1034 1110 1062 3
1127 1019 1139 1061 i
1157 1034 1185 1062 n
1201 1034 1222 1063 e
1247 1034 1289 1062 m
1305 1034 1326 1062 e
1352 1020 1409 1062 ni
1427 1021 1454 1063 h
1471 1020 1514 1062 il
1539 1035 1566 1076 p
1584 1034 1607 1063 o
1625 1026 1643 1063 t
1660 1034 1681 1063 e
1699 1034 1716 1063 s
1733 1025 1752 1063 t
1768 1020 1782 1062 i
1799 1035 1815 1063 3

246 1085 261 1126 f
279 1099 303 1127 a
321 1100 341 1127 c
358 1100 378 1127 e
395 1099 414 1127 r
431 1100 465 1136 e,
491 1086 569 1127 hoc
592 1099 674 1127 uno
699 1086 825 1128 uerbo
849 1085 1015 1128 initium
1039 1085 1248 1141 finemque
1272 1086 1585 1141 conprehendit;
1605 1086 1814 1142 apostolus

242 1164 338 1192 uero
369 1156 586 1206 tamquam
618 1151 847 1193 sententiae
879 1151 1108 1193 dominicae
1139 1151 1349 1207 expositor
1379 1152 1562 1207 apertius
1594 1157 1816 1207 utrumque

242 1216 434 1259 distinxit
462 1217 617 1259 dicens:
656 1216 942 1271 quoniam
977 1216 1077 1272 qui
1110 1216 1169 1258 in
1202 1217 1380 1259 uobis
1416 1231 1564 1272 opus
1598 1217 1816 1260 bonum

243 1282 465 1337 coepit,
494 1282 799 1337 perficiet
823 1295 1014 1338 usque
1040 1282 1091 1323 in
1118 1282 1273 1325 diem
1299 1282 1538 1325 Christi
1565 1283 1714 1325 Iesu.
1743 1283 1814 1326 sed

241 1347 282 1388 in
310 1348 521 1403 scripturis
554 1347 706 1390 sanctis
739 1347 851 1403 apud
887 1347 1064 1389 eundem
1095 1347 1328 1402 apostolum
1359 1347 1439 1390 isto
1470 1348 1579 1390 unde
1609 1347 1818 1402 loquimur

242 1413 420 1464 amplius
464 1413 712 1456 inuenimus.
755 1413 964 1468 loquimur
1009 1413 1120 1456 enim
1164 1426 1276 1456 nunc
1326 1413 1376 1455 de
1420 1413 1517 1456 boni
1572 1413 1815 1468 cupiditate,

243 1492 368 1533 quam
398 1479 430 1522 si
460 1479 609 1521 uolunt
637 1492 663 1520 a
692 1478 808 1521 nobis
839 1479 1030 1534 incipere,
1060 1493 1086 1522 a
1111 1479 1276 1522 domino
1309 1478 1466 1534 perfici,
1500 1479 1670 1522 uideant
1717 1479 1817 1535 quid

241 1545 518 1599 respondeant
564 1544 717 1586 dicenti
761 1545 967 1599 apostolo:
1024 1559 1051 1586 n
1069 1558 1092 1586 o
1110 1558 1137 1586 n
1193 1557 1220 1599 q
1237 1559 1264 1586 u
1280 1544 1292 1585 i
1309 1558 1335 1586 a
1382 1544 1394 1585 i
1412 1545 1439 1587 d
1457 1558 1480 1587 o
1496 1558 1525 1586 n
1541 1544 1591 1586 ei
1616 1558 1633 1587 s
1651 1558 1678 1587 u
1694 1558 1737 1586 m
1753 1558 1780 1586 u
1798 1558 1815 1587 3

241 1610 523 1665 cogitare
562 1609 806 1664 aliquid
844 1609 1021 1664 quasi
1057 1624 1124 1652 ex
1160 1609 1470 1652 nobismet
1506 1609 1676 1666 ipsis,
1715 1609 1815 1652 sed

242 1675 657 1717 sufficientia
728 1680 945 1717 nostra
1019 1689 1085 1717 ex
1151 1676 1256 1718 deo
1313 1680 1417 1718 est.
1491 1674 1695 1731 ‘cogitare‘
1757 1675 1817 1718 ait

243 1740 444 1795 ‘aliquid⁴,
483 1741 628 1795 utique
660 1738 835 1790 bonum;
868 1740 1005 1783 minus
1037 1746 1100 1783 est
1131 1746 1270 1783 autem
1302 1740 1480 1795 cogitare
1505 1754 1630 1796 quam
1651 1753 1812 1797 cupere.

241 1806 467 1862 cogitamus
500 1806 653 1861 quippe
690 1818 811 1847 omne
843 1805 954 1861 quod
984 1805 1172 1861 cupimus
1203 1817 1277 1848 nec
1306 1811 1447 1848 tamen
1476 1806 1666 1861 cupimus
1695 1819 1816 1848 omne

242 1872 353 1926 quod
375 1871 616 1927 cogitamus,
640 1871 835 1926 quoniam
858 1885 1170 1926 nonnumquam
1198 1876 1241 1913 et
1265 1871 1377 1926 quod
1398 1884 1479 1913 non
1501 1871 1689 1927 cupimus
1710 1870 1817 1927 cogi-

241 1942 392 1980 tamus.
422 1951 517 1979 cum
541 1937 666 1992 igitur
690 1936 827 1979 minus
854 1936 908 1979 sit
934 1937 1110 1993 cogitare
1138 1950 1262 1992 quam
1293 1949 1440 1992 cupere
1465 1962 1518 1967 —
1542 1942 1681 1992 potest
1705 1936 1815 1979 enim

243 2003 365 2045 homo
395 2002 574 2059 cogitare
603 2002 771 2053 bonum,
803 2002 914 2058 quod
942 2003 1126 2045 nondum
1154 2002 1283 2058 cupit,
1322 2007 1364 2044 et
1392 2002 1642 2058 proficiendo
1672 2007 1818 2058 postea

243 2082 403 2123 cupere,
429 2068 540 2123 quod
561 2073 687 2110 antea
707 2081 790 2110 non
812 2067 1014 2123 cupiendo
1037 2067 1236 2123 cogitauit
1257 2093 1322 2119 —,
1335 2067 1541 2123 quomodo
1564 2068 1618 2110 ad
1639 2067 1683 2110 id
1705 2067 1816 2124 quod

242 2134 376 2176 minus
397 2139 473 2184 est,
495 2133 537 2176 id
556 2138 619 2176 est
637 2133 691 2176 ad
710 2133 975 2189 cogitandum
992 2133 1149 2189 aliquid
1167 2133 1278 2185 boni,
1298 2146 1380 2175 non
1397 2146 1538 2176 sumus
1557 2132 1692 2176 idonei
1710 2138 1816 2175 tam-

242 2213 367 2255 quam
391 2213 441 2241 ex
466 2199 672 2241 nobismet
695 2199 808 2255 ipsis,
834 2199 905 2242 sed
929 2198 1181 2242 sufficientia
1202 2203 1346 2241 nostra
1367 2212 1419 2240 ex
1443 2199 1518 2241 deo
1543 2203 1606 2241 est
1630 2203 1672 2240 et
1695 2198 1750 2240 ad
1773 2198 1816 2240 id

242 2265 352 2320 quod
375 2271 438 2307 cst
459 2264 651 2320 amplius,
670 2264 712 2306 id
733 2269 798 2307 est
818 2265 873 2307 ad
892 2264 1142 2320 cupiendum
1164 2264 1321 2319 aliquid
1341 2263 1452 2315 boni,
1473 2264 1559 2306 sine
1581 2263 1723 2306 diuino
1744 2263 1816 2306 ad-

242 2330 392 2373 iutorio
414 2330 548 2372 idonei
570 2343 710 2372 sumus
731 2343 783 2372 ex
802 2329 930 2372 libero
951 2329 1152 2372 arbitrio?
1175 2343 1307 2385 neque
1326 2329 1436 2372 enim
1456 2333 1499 2371 et
1518 2328 1586 2371 hic
1605 2328 1816 2384 apostolus

345 2461 428 2495 5.11
452 2459 525 2495 Ioh.
546 2459 598 2502 15,
615 2460 636 2494 5
714 2461 756 2494 14
773 2459 864 2496 Pnil.
886 2459 916 2501 1,
934 2459 954 2493 6
1031 2459 1073 2494 19
1091 2459 1128 2495 ΙΙ
1146 2460 1221 2495 Cor.
1236 2459 1269 2500 3,
1286 2459 1306 2493 5

344 2549 364 2584 2
381 2548 580 2595 tamquam]
599 2548 670 2584 iam
683 2551 716 2586 D
804 2548 825 2583 5
841 2548 954 2584 facere
971 2547 1108 2594 aliquid
1121 2548 1153 2584 Β
1254 2547 1276 2582 6
1291 2547 1443 2593 potestis
1457 2546 1552 2582 om.0
1641 2548 1660 2582 7
1677 2549 1816 2598 sentenf

244 2608 359 2645 tentia
370 2611 403 2646 D
449 2610 470 2644 ὃ
486 2620 537 2654 pr.
557 2608 645 2654 perf.
662 2619 690 2643 s.
706 2619 773 2644 ras.
787 2607 820 2642 D
867 2611 1012 2653 possent
1026 2607 1155 2644 omne
1200 2607 1222 2643 9
1237 2607 1394 2643 dicerent
1405 2606 1470 2642 OB
1511 2617 1533 2641 a
1549 2605 1651 2642 nobis
1666 2605 1815 2642 om.0m1

243 2668 289 2703 ad
305 2667 408 2704 om.B
454 2668 498 2704 10
508 2666 644 2713 uerum]
662 2667 755 2703 unde
766 2669 799 2704 D
843 2668 885 2703 13
894 2667 1068 2714 apertius]
1086 2667 1230 2713 penitus
1239 2669 1273 2704 D
1319 2666 1362 2702 16
1372 2666 1469 2703 istud
1481 2666 1543 2702 Bc
1587 2665 1772 2711 loquamur
1782 2667 1816 2702 D

244 2729 286 2763 18
297 2727 518 2773 quamsoino
527 2728 585 2773 (ex
595 2727 676 2772 soli)
715 2726 917 2763 uoluntario
932 2726 988 2762 his
1000 2726 1153 2773 incipere
1164 2725 1217 2761 Vb
1264 2726 1306 2763 20
1315 2724 1467 2772 aliquid]
1476 2725 1553 2760 add.
1563 2735 1594 2763 ,a
1607 2723 1710 2761 nobis
1719 2724 1817 2761 DEF

243 2787 287 2824 22
303 2786 461 2832 cupireO
537 2787 580 2822 23
595 2787 800 2833 nec—quod
813 2786 964 2823 om.0m1
1025 2786 1068 2822 24
1084 2797 1155 2822 non
1170 2785 1254 2822 s.1.0
1328 2785 1372 2820 26
1387 2784 1547 2821 nundum
1561 2783 1593 2819 B
1660 2783 1703 2819 27
1718 2783 1817 2830 cupi-

242 2846 336 2883 endo
350 2857 422 2882 non
440 2847 655 2893 cogitauitE
722 2845 766 2882 30
783 2850 872 2892 quot
881 2845 967 2881 Oml
1027 2845 1180 2891 amplius
1196 2847 1292 2882 estD

1844 965 1884 995 1⁰

1845 1292 1885 1323 15

1843 1619 1887 1649 20

1843 1947 1885 1978 25

1845 2273 1887 2304 30
