2028 3204
773 210 860 246 liber
893 210 929 247 11
957 211 990 253 6,
1024 213 1144 253 11—7,
1179 213 1219 246 13
1708 204 1785 246 473

203 351 297 395 ergo
320 338 524 393 pertinere
547 338 736 382 uidemus
758 338 812 381 ad
833 337 982 381 fatum.
1008 338 1073 380 hie
1097 338 1130 381 si
1155 339 1410 394 respondetis
1434 340 1538 382 lianc
1562 339 1693 396 ipsam
1717 341 1782 383 dei

201 403 539 454 beniuolentiam,
563 417 646 459 qua
667 417 747 446 non
771 404 919 446 merita
940 404 1139 459 sequitur,
1173 405 1242 447 sed
1266 405 1374 447 bona
1394 405 1581 448 indebita
1601 407 1784 461 gratuita

201 469 391 514 bonitate
415 469 600 526 largitur,
632 470 767 513 fatum
791 469 928 525 potius
954 483 1040 512 esse
1064 470 1296 521 dicendum,
1323 485 1416 514 eum
1442 472 1546 513 hane
1571 473 1782 527 apostolus

200 535 510 592 gratiamuocct
531 535 687 579 dicens:
714 534 896 591 gratia
921 549 939 577 s
958 535 1086 578 alui
1114 536 1208 578 fac
1226 536 1273 578 ti
1301 550 1321 578 e
1339 537 1455 579 stis
1484 551 1572 593 per
1598 538 1724 580 fide
1743 552 1783 581 m

202 606 260 644 et
291 602 397 644 hoc
438 615 550 644 non
593 615 658 644 ex
699 601 889 652 uobis,
924 602 1023 644 sed
1056 602 1152 644 dei
1184 603 1400 645 donum
1433 609 1538 654 est,
1574 617 1683 645 non
1718 618 1783 647 ex

203 667 515 724 operibus,
542 681 601 710 ne
628 668 793 710 forte
819 677 888 718 qu
910 666 955 709 is
981 668 1354 718 extollatur,
1381 682 1515 711 nonne
1540 670 1780 720 adtenditis‚

201 746 336 776 nonne
361 733 590 789 perspicitis
614 747 696 776 non
722 747 748 775 a
770 732 888 775 nobis
913 732 1077 776 diuinae
1102 734 1258 789 gratiae
1284 734 1448 776 nomine
1473 735 1607 776 fatum
1642 736 1781 787 asseri,

203 799 274 842 sed
297 812 323 841 a
346 799 462 843 uobis
487 799 625 855 potius
649 799 835 842 diuinam
858 799 1035 855 gratiam
1059 800 1137 842 fati
1163 800 1329 842 nomine
1354 800 1612 856 nuncupari?

308 877 402 920 VII.
440 879 500 921 13.
539 878 728 933 Itemque
761 877 945 932 acceptio
979 891 1247 934 personarum
1281 878 1336 920 ibi
1371 884 1479 920 recte
1513 878 1676 927 dieitur,
1712 879 1782 921 ubi

203 943 268 987 ille
284 943 353 998 qui
366 943 522 986 iudicat
533 943 765 999 relinquens
779 956 925 986 causac
937 944 1145 994 meritum,
1159 945 1208 987 de
1221 957 1304 999 qua
1314 944 1484 994 iudicat,
1502 945 1620 987 alteri
1639 951 1781 986 eontra

201 1009 378 1052 alterum
406 1010 674 1066 suffragatur,
703 1009 801 1065 quia
828 1009 987 1052 inuenit
1016 1010 1173 1065 aliquid
1202 1011 1242 1052 in
1272 1023 1459 1065 persona,
1489 1011 1600 1065 quod
1628 1012 1780 1053 honore

201 1075 266 1118 uel
289 1075 551 1118 miseratione
574 1075 628 1117 sit
655 1075 838 1131 dignum.
862 1075 895 1117 si
910 1081 1053 1118 autem
1070 1076 1274 1131 quispiam
1290 1077 1392 1118 duos
1409 1076 1559 1118 habeat
1576 1077 1781 1119 debitores

202 1146 244 1184 et
271 1141 391 1183 alteri
419 1141 518 1184 uelit
548 1141 757 1184 dimittere
785 1141 986 1193 debitum,
1015 1142 1192 1185 alterum
1221 1142 1394 1192 exigere,
1424 1142 1488 1184 eui
1519 1143 1608 1185 uult
1637 1144 1780 1194 donat,

202 1207 272 1250 sed
295 1206 501 1250 neminem
524 1207 693 1250 fraudat
715 1220 789 1250 nec
813 1208 998 1263 acceptio
1021 1221 1288 1263 personarum
1312 1208 1482 1251 dicenda
1508 1214 1583 1258 est,
1613 1211 1780 1264 quando

157 1285 173 1311 5
201 1272 398 1329 iniquitas
438 1273 553 1315 nulla
587 1278 669 1324 est3
710 1273 892 1328 alioquin
933 1274 1003 1325 eis,
1044 1274 1114 1329 qui
1134 1287 1301 1329 ‚parum
1342 1274 1601 1329 intellegunt,
1642 1282 1780 1330 potest

201 1339 384 1395 acceptio
407 1352 674 1395 personarum
695 1339 838 1391 uideri,
865 1339 935 1383 ubi
966 1339 1109 1382 uineae
1139 1340 1329 1382 dominus
1359 1341 1567 1395 operariis,
1599 1341 1667 1395 qui
1699 1355 1781 1384 una

203 1406 301 1447 hora
320 1404 401 1447 illic
425 1420 527 1461 opus
547 1404 747 1455 fecerunt,
767 1411 934 1449 tantum
953 1405 1065 1448 dedit
1090 1411 1294 1461 quantum
1315 1406 1406 1457 illis,
1433 1407 1502 1461 qui
1522 1407 1779 1462 pertulerunt

200 1470 362 1526 pondus
395 1471 475 1513 diei
508 1477 549 1514 et
581 1475 734 1522 aestus,
768 1472 960 1527 aequales
992 1471 1145 1514 faciens
1179 1472 1218 1514 in
1252 1472 1450 1523 mercede,
1485 1486 1658 1528 quorum
1693 1480 1779 1516 tam

201 1549 354 1592 magna
379 1537 582 1579 distantia
606 1537 741 1579 fuerat
770 1538 810 1579 in
838 1539 990 1581 labore.
1022 1538 1093 1580 sed
1120 1539 1219 1593 quid
1248 1538 1459 1593 respondit
1486 1540 1535 1582 de
1562 1539 1638 1583 hac
1665 1540 1779 1582 uelut

201 1603 438 1658 acceptione
477 1615 742 1658 personarum
777 1603 974 1646 aduersus
999 1609 1161 1659 patrem
1184 1604 1361 1647 familias
1391 1606 1779 1648 murmurantibus?

200 1669 403 1719 amice,
439 1669 590 1725 inquit,
625 1682 738 1711 non
788 1669 955 1712 facio
992 1669 1113 1712 tibi
1150 1670 1460 1713 iniuriam.
1485 1685 1680 1714 nonne
1715 1686 1781 1714 ex

201 1734 459 1777 denario
493 1735 859 1778 conuenisti
907 1736 1159 1778 mecum?
1208 1736 1365 1778 tolle
1410 1737 1567 1790 quod
1613 1743 1778 1780 tuum

200 1804 293 1843 est
324 1805 376 1843 et
406 1801 570 1843 uade.
604 1800 744 1842 uolo
775 1807 978 1843 autem
1009 1807 1059 1844 et
1093 1802 1231 1844 huie
1262 1802 1605 1844 nouissimo
1637 1803 1778 1845 dare

201 1865 369 1908 sicut
394 1871 446 1908 et
472 1866 609 1908 tibi.
638 1879 836 1908 annon
863 1867 1012 1909 lieet
1040 1867 1167 1909 mihi
1194 1869 1351 1922 quod
1376 1867 1515 1910 uolo
1542 1869 1777 1911 faeere?

202 1945 264 1974 an
292 1931 509 1974 oculus
536 1936 678 1974 tuus
706 1945 962 1987 nequam
991 1938 1086 1983 est,
1115 1933 1258 1987 quia
1286 1947 1379 1986 ego
1407 1933 1599 1975 bonus
1631 1934 1778 1976 suin?

199 2009 348 2052 nempe
359 1996 423 2039 hic
435 2002 528 2039 tota
540 1996 701 2039 iustitia
712 2002 792 2040 est:
811 1998 901 2040 ‘hoc
912 1997 1019 2040 uolo.
1034 1998 1140 2048 tibin
1152 1998 1300 2053 inquit,
1320 1998 1506 2048 ‘reddidi,
1520 1998 1613 2041 huic
1626 1999 1777 2041 donaui

198 2075 346 2118 neque,
371 2067 419 2104 ut
442 2062 536 2105 huic
559 2063 769 2113 donarem,
795 2063 873 2105 tibi
898 2063 1056 2118 aliquid
1078 2064 1233 2106 abstuli
1257 2071 1330 2107 aut
1355 2065 1465 2120 quod
1489 2064 1689 2107 debebam
1715 2065 1777 2106 uel

199 2127 593 2182 minuiuelnegaui.
619 2142 818 2171 annon
841 2128 998 2171 licet
1023 2129 1169 2172 mihi
1195 2130 1402 2172 faeere
1426 2131 1582 2186 quod
1608 2130 1776 2173 uolo?

199 2207 261 2236 an
287 2194 502 2236 oculus
527 2198 670 2236 tuus
696 2207 946 2249 nequam
972 2200 1067 2246 est,
1094 2195 1237 2250 quia
1263 2210 1366 2247 ego
1391 2196 1584 2238 bonus
1611 2197 1778 2238 sum?

301 2325 322 2359 4
348 2323 438 2370 Eph.
468 2324 499 2365 2,
526 2324 558 2359 8.
586 2324 607 2358 9
730 2323 769 2358 16
796 2324 838 2358 cf.
867 2324 996 2360 Matth.
1026 2326 1080 2366 20,
1108 2325 1219 2360 9-12
1341 2326 1378 2360 21
1407 2326 1534 2361 Matth.
1565 2326 1619 2365 20,
1650 2326 1779 2360 13-15

202 2384 245 2419 28
273 2383 402 2420 Matth.
431 2384 485 2426 20,
516 2383 557 2418 15

305 2467 319 2501 l
333 2466 362 2502 si
371 2466 524 2503 om.GVb
569 2466 625 2502 dei
634 2467 731 2502 omF
777 2467 797 2502 2
808 2478 900 2513 quoa
912 2467 942 2501 V
990 2467 1165 2514 indebita]
1178 2479 1247 2504 non
1258 2468 1379 2504 debita
1392 2470 1421 2504 F
1465 2468 1486 2502 5
1496 2467 1555 2502 alt.
1569 2479 1638 2502 non
1650 2479 1711 2501 om.
1719 2467 1780 2503 EF

201 2526 223 2561 9
239 2525 325 2561 item
342 2536 433 2572 quae
445 2526 463 2561 b
509 2526 553 2562 10
567 2525 705 2562 indicat
717 2528 748 2563 B
793 2526 1176 2573 relinquens—iudicat
1192 2528 1323 2564 om.EF
1380 2530 1416 2563 ll
1433 2528 1562 2563 honore
1580 2538 1621 2561 ex
1637 2526 1777 2562 onereO

203 2586 245 2622 12
261 2585 450 2622 habea-to
532 2586 574 2621 13
591 2586 698 2622 uellet
709 2587 728 2622 b
788 2586 830 2621 16
847 2588 1031 2634 person-uc
1105 2586 1233 2634 uideri]
1251 2587 1370 2623 uidere
1387 2592 1440 2623 est
1453 2587 1483 2621 D
1556 2587 1596 2621 18
1613 2585 1778 2632 aequales

200 2645 238 2691 (a
252 2646 331 2682 init.
342 2644 541 2690 modam
631 2647 668 2682 in
686 2655 761 2690 exp.
777 2646 809 2681 D
900 2646 943 2682 19
960 2646 1173 2682 fuer-atus)
1263 2647 1337 2692 sed]
1356 2647 1383 2682 si
1399 2649 1429 2683 B
1524 2645 1610 2691 quid
1627 2644 1777 2681 om.Om1

202 2704 312 2741 ueluti
324 2704 496 2742 GDEde
550 2706 593 2742 20
611 2705 929 2752 patremfamiliav
977 2707 1279 2742 murmurantibus
1287 2706 1372 2742 0m1
1430 2707 1472 2741 27
1490 2705 1778 2752 neque—negaui

201 2767 387 2810 sequuntur
399 2767 474 2810 post
491 2765 571 2802 uolo
587 2764 651 2802 lin.
670 2765 715 2802 28
732 2765 765 2800 D
845 2765 965 2802 darem
979 2766 1011 2801 D
1086 2769 1207 2802 autem
1222 2766 1254 2801 D
1342 2765 1514 2801 debebam
1532 2764 1606 2809 (alt.
1625 2765 1649 2800 b
1664 2763 1780 2810 ⁸.1.)B

201 2824 245 2860 28
262 2824 364 2861 Anno
376 2825 406 2861 0
860 2843 863 2846 ·
