2028 3204
240 215 322 257 380
682 225 739 260 IV.
774 223 828 260 De
855 228 982 260 natura
1013 228 1048 259 et
1077 224 1210 270 origine
1241 223 1378 259 animae

233 350 411 405 inperito
474 355 515 392 et
569 349 736 391 indocto
798 349 978 403 cuipiam
1040 348 1141 394 scire
1203 348 1433 404 contingat,
1494 349 1604 405 quod
1658 348 1806 406 aliquis

228 416 377 458 doctus
431 420 473 457 et
517 414 674 470 peritus
728 414 905 469 ignorat,
960 419 1002 456 et
1047 414 1088 456 in
1133 414 1211 456 hoc
1255 418 1296 456 te
1341 413 1462 469 plane
1506 413 1644 466 laudo,
1695 415 1805 471 quod

226 481 463 532 ueritatem,
510 480 589 522 etsi
624 492 707 522 non
741 493 867 536 quam
901 479 1133 535 percepisti,
1169 484 1278 522 certe
1303 492 1430 534 quam
1454 479 1628 534 putasti,
1653 479 1809 522 homini

229 546 484 601 praetulisti3
502 546 593 588 ideo
612 545 779 601 quidem
795 549 962 595 temere,
977 545 1075 600 quia
1089 544 1340 590 existimasti
1355 550 1396 587 te
1413 544 1513 587 scire
1531 545 1642 602 quod
1658 545 1804 593 nescis,

229 613 299 654 sed
327 612 418 654 ideo
446 611 584 662 libere,
615 611 712 667 quia
738 622 958 666 personam
983 623 1065 653 non
1092 610 1294 653 reueritus
1321 609 1480 666 elegisti
1507 610 1664 665 aperire
1694 611 1804 667 quod
1831 623 1848 651 5

230 678 370 720 sentis.
414 677 522 719 unde
549 682 591 719 te
617 676 851 731 intellegere
878 681 1058 731 oportet,
1088 681 1245 732 quanto
1273 689 1359 718 esse
1384 675 1504 718 nobis
1530 675 1681 718 debeat
1708 689 1805 719 cura

228 744 359 786 maior
383 742 609 784 dominicas
636 756 732 784 oues
756 755 948 784 reuocare
974 742 1027 783 ab
1052 741 1270 792 erroribus,
1297 741 1331 783 si
1356 746 1398 784 et
1423 741 1570 783 ouibus
1595 746 1717 796 turpe
1742 747 1803 784 est

230 809 334 851 uitia
361 814 590 863 pastorum,
632 807 665 849 si
697 821 781 864 qua
815 808 1097 862 cognouerint,
1129 807 1283 849 eisdem
1316 807 1522 849 occultare
1554 806 1802 862 pastoribus.

228 890 252 916 o
285 874 318 916 si
347 874 416 916 illa
440 874 756 928 reprehenderes
779 887 885 923 mea,
921 886 1026 928 quae
1051 873 1163 915 iusta
1192 872 1505 927 reprehensione
1536 877 1635 915 sunt
1659 871 1803 927 digna!

229 954 362 996 neque
380 939 489 981 enim
508 952 657 994 negare
674 938 802 981 debeo
821 939 927 984 sicut
946 939 986 980 in
1004 938 1101 993 ipsis
1118 938 1301 980 moribus
1320 938 1382 980 ita
1397 937 1532 980 multa
1549 951 1635 980 esse
1654 937 1694 979 in
1715 943 1803 980 tam
1834 950 1873 979 ιο

228 1005 372 1047 multis
395 1003 600 1060 opusculis
620 1004 736 1054 meis,
761 1018 866 1059 quae
887 1003 1047 1058 possint
1066 1009 1180 1045 recto
1201 1003 1351 1045 iudicio
1373 1008 1415 1045 et
1436 1003 1549 1045 nulla
1567 1002 1804 1046 temeritate

230 1071 401 1126 culpari.
440 1084 490 1112 ex
520 1070 669 1125 quibus
700 1070 733 1113 si
763 1069 904 1125 aliqua
925 1069 1011 1125 ipse
1040 1069 1371 1124 reprehenderes,
1403 1068 1485 1110 illic
1510 1068 1587 1110 tibi
1618 1068 1803 1111 fortassis

231 1136 505 1186 ostenderem,
534 1135 699 1190 qualem
723 1140 766 1177 te
792 1149 878 1177 esse
904 1135 945 1177 in
972 1134 1122 1191 quibus
1147 1148 1229 1176 non
1255 1148 1472 1189 perperam
1497 1134 1802 1189 reprehenderis

229 1201 377 1244 uellem
397 1215 546 1256 meque
568 1201 645 1243 tibi
671 1201 820 1243 iuniori
839 1201 974 1244 maior
992 1205 1034 1243 et
1055 1199 1316 1256 praepositus
1343 1200 1511 1242 subdito
1539 1200 1801 1242 correctionis

230 1267 466 1322 exemplum
495 1272 653 1322 quanto
682 1266 878 1309 humilius
907 1271 1029 1309 tanto
1058 1266 1262 1311 salubrius
1292 1265 1540 1307 exhiberem.
1586 1266 1656 1310 sed
1685 1279 1734 1308 ea
1761 1266 1801 1308 in
1833 1277 1869 1305 15

226 1348 293 1375 me
322 1332 635 1388 reprehendisti,
670 1346 775 1388 quae
806 1344 888 1374 non
919 1332 1118 1387 corrigere
1148 1331 1375 1382 humilitas,
1408 1336 1449 1373 et
1481 1331 1635 1386 partim
1665 1331 1800 1377 fateri.

230 1400 383 1454 partim
412 1399 631 1441 defendere
660 1398 815 1441 ueritas
846 1397 968 1453 cogit.

337 1465 392 1506 II.
426 1465 463 1506 2.
498 1467 612 1508 Haec
644 1468 786 1506 autem
816 1468 933 1506 sunt:
967 1477 1111 1514 unum,
1146 1464 1257 1518 quod
1289 1463 1338 1505 de
1371 1462 1523 1518 origine
1554 1462 1800 1513 animarum,

230 1545 336 1587 quae
360 1536 453 1586 post
476 1532 659 1587 primum
679 1531 891 1573 hominem
912 1530 1036 1572 datae
1059 1534 1157 1572 sunt
1180 1529 1247 1572 uel
1267 1529 1420 1571 dantur
1442 1528 1690 1579 hominibus,
1714 1542 1796 1571 non

227 1611 319 1639 sum
346 1611 469 1639 ausus
497 1597 653 1652 aliquid
679 1596 864 1647 definire,
895 1596 992 1652 quia
1016 1595 1151 1638 fateor
1174 1608 1241 1637 me
1267 1594 1442 1645 nescire;
1469 1594 1660 1644 alterum,
1690 1594 1798 1650 quod
1828 1605 1869 1633 2⁰

227 1663 411 1705 animam
434 1663 535 1705 scire
558 1676 623 1704 me
647 1662 733 1704 dixi
756 1661 948 1717 spiritum
971 1675 1070 1711 esse,
1095 1673 1177 1704 non
1211 1674 1370 1715 corpus.
1411 1659 1481 1702 sed
1505 1661 1546 1702 in
1568 1660 1647 1702 hoc
1668 1659 1798 1702 altero

226 1727 309 1769 duo
327 1727 645 1782 reprehendisti:
665 1739 808 1776 unum,
825 1727 935 1782 quod
951 1737 1034 1768 non
1051 1738 1144 1767 eam
1161 1725 1367 1767 crederem
1385 1737 1533 1779 corpus
1553 1738 1654 1774 esse,
1671 1723 1797 1774 aliud,

228 1792 338 1848 quod
373 1806 464 1835 eam
499 1792 692 1847 spiritum
727 1793 946 1834 crederem.
998 1790 1078 1832 tibi
1111 1790 1221 1832 enim
1255 1790 1421 1832 uidetur
1455 1794 1497 1833 et
1532 1802 1678 1844 corpus
1713 1803 1799 1833 esse

227 1858 368 1900 anima
395 1864 437 1902 et
463 1872 545 1901 non
573 1872 659 1900 esse
686 1857 867 1913 spiritus.
903 1856 1001 1899 audi
1027 1856 1152 1912 igitur
1178 1855 1467 1911 purgationem
1492 1868 1628 1898 meam
1655 1860 1801 1896 contra

227 1923 584 1978 reprehensionem
607 1928 725 1965 tuam
747 1928 789 1965 et
811 1937 862 1965 ex
882 1923 960 1964 hac
983 1922 1209 1972 occasione,
1234 1935 1317 1976 qua
1337 1934 1403 1962 me
1426 1920 1504 1962 tibi
1526 1933 1670 1975 purgo,
1693 1919 1734 1961 in
1757 1924 1798 1962 te
1826 1931 1865 1960 25

229 1990 316 2043 ipso
351 1989 462 2031 disce
497 2003 602 2045 quae
637 2002 798 2044 purges.
840 1987 972 2031 recole
1005 1986 1134 2029 uerba
1166 1986 1260 2028 libri
1293 1986 1369 2036 tui,
1404 1985 1477 2027 ubi
1508 1999 1574 2028 me
1607 1984 1798 2040 primitus

228 2055 473 2097 nominasti:
506 2055 599 2106 seio,
629 2054 779 2110 inquis,
808 2053 1012 2107 plerosque
1034 2057 1067 2094 et
1095 2051 1214 2105 facile
1243 2052 1507 2105 peritissimos
1536 2051 1647 2093 uiros
1680 2063 1800 2104 super

318 2163 359 2197 27
380 2161 478 2196 Vinc.
500 2161 621 2196 Victor

318 2242 334 2274 1
355 2238 494 2284 cupiam
506 2238 571 2274 CH
593 2238 752 2284 quipiam
763 2237 795 2272 D
854 2237 987 2283 aliquid
997 2236 1033 2271 H
1088 2235 1230 2283 aliquis]
1246 2236 1322 2270 add.
1338 2235 1445 2271 laicus
1459 2234 1561 2270 BCIb
1616 2235 1637 2270 2
1651 2233 1687 2268 in
1698 2232 1796 2269 om.E

227 2299 250 2334 3
265 2309 335 2333 non
350 2298 472 2343 quam]
491 2308 687 2343 numquam
697 2297 781 2333 CHb
861 2296 1043 2343 pereipisti
1051 2296 1088 2331 H
1090 2297 1142 2331 ml
1227 2297 1249 2331 4
1263 2295 1351 2331 scire
1366 2297 1400 2329 te
1417 2294 1523 2330 BCId
1593 2294 1614 2329 5
1629 2292 1760 2329 ueritus
1774 2293 1792 2328 b

231 2359 250 2393 7
267 2367 430 2401 reuocare
444 2357 479 2392 H
496 2357 564 2403 (is.
580 2359 613 2402 e)
676 2357 808 2393 erribus
823 2357 853 2392 B
912 2359 1012 2403 torpe
1026 2356 1057 2390 A
1119 2356 1140 2390 8
1155 2358 1395 2402 cognouerunt
1406 2352 1523 2389 ABCI
1529 2354 1559 2388 Τ
1616 2352 1637 2388 9
1653 2351 1754 2388 iuxta
1768 2352 1797 2388 C

225 2421 311 2453 sunt
323 2417 591 2462 reprehensione
603 2417 634 2451 E
738 2417 779 2451 10
797 2416 889 2452 enim
906 2416 1006 2452 om.E
1102 2415 1140 2450 11
1159 2414 1271 2461 recto]
1285 2413 1379 2450 iusto
1392 2413 1473 2448 1301
1478 2412 1528 2448 Tb
1627 2413 1670 2448 12
1683 2411 1751 2458 ipsi
1764 2413 1795 2446 A

229 2476 305 2523 ipsa
327 2476 367 2518 C,
395 2477 481 2512 emh
557 2475 642 2521 illic]
667 2477 742 2511 add.
772 2480 807 2511 et
833 2475 949 2512 ABCI
956 2475 1028 2510 de
1117 2475 1158 2510 13
1184 2472 1450 2521 reprehenderes
1472 2472 1491 2507 b
1577 2473 1619 2507 14
1635 2471 1742 2507 uellet
1760 2472 1792 2506 A

229 2547 285 2570 me
297 2533 320 2570 ΙΙΙΙ
331 2537 386 2582 (in
396 2548 459 2582 my.
472 2537 574 2582 eque)
587 2536 617 2570 E
630 2546 742 2581 neque
754 2536 776 2570 d
889 2534 1089 2582 propositus
1104 2534 1164 2568 BC
1292 2530 1479 2580 propositis
1494 2531 1658 2578 subditps
1673 2531 1711 2576 (u
1723 2540 1750 2566 s.
1768 2529 1791 2572 i,

228 2607 250 2630 o
264 2607 290 2631 ε.
306 2597 360 2641 us)
371 2595 408 2630 Η
458 2594 686 2642 correptionis
698 2595 767 2629 DT
822 2595 864 2630 15
880 2594 999 2629 in—et-
1015 2594 1054 2629 in
1066 2605 1131 2639 my.
1149 2594 1226 2629 add.
1238 2592 1271 2627 D
1331 2593 1374 2628 16
1389 2591 1441 2638 et]
1456 2590 1518 2627 sed
1532 2591 1624 2626 codd.
1640 2591 1744 2636 praet.
1759 2591 1790 2624 A

231 2655 274 2690 20
289 2655 443 2690 diffinire
455 2655 487 2690 E
580 2656 619 2690 21
638 2645 700 2690 (ΗΞ
713 2655 744 2689 Α
765 2653 927 2690 dixistio
1019 2664 1092 2689 osse
1107 2652 1271 2699 spiritum
1286 2652 1317 2687 E
1403 2652 1447 2687 22
1462 2649 1574 2696 aliud]
1590 2649 1740 2685 alterum
1750 2649 1792 2684 bd

227 2715 269 2750 24
292 2714 408 2760 anime
429 2714 490 2750 ΒΟ
508 2714 664 2750 animam
689 2713 853 2748 AEIde
985 2716 1023 2748 et
1044 2723 1108 2748 om.
1121 2711 1218 2747 ABG
1350 2710 1515 2757 spin'tum
1531 2708 1622 2744 codd.
1639 2710 1744 2754 prad.
1756 2708 1790 2743 D

225 2774 268 2808 25
281 2774 489 2810 occansione
498 2774 528 2809 C
590 2774 632 2808 26
649 2772 738 2809 disci
749 2774 781 2808 A
849 2772 962 2808 recola
976 2772 1007 2807 T
1070 2773 1113 2808 27
1126 2770 1324 2818 peritismos
1336 2771 1368 2805 A
1421 2766 1590 2817 supereo]
1599 2778 1703 2814 super
1712 2771 1748 2803 et
1759 2767 1791 2802 A

228 2833 372 2878 insuper
389 2838 424 2869 et
443 2832 636 2875 BCEIde
1382 2851 1392 2859 ·
