2028 3204
694 161 798 198 'uber
825 160 862 197 11
897 163 948 202 12.
985 163 1132 205 17-13.
1168 165 1210 199 18
1670 158 1749 200 353

177 288 225 330 in
245 300 387 341 corpus
407 300 494 330 eam
515 288 666 341 peccati
683 287 852 343 releqare
872 287 1055 337 uoluerit,
1078 302 1165 331 cum
1188 291 1380 332 consortio
1401 292 1534 333 earnis
1555 294 1754 345 peccatrix

176 366 259 396 esse
288 353 447 407 incipit,
480 366 581 407 quae
610 353 812 407 peccatrix
840 366 923 395 esse
952 367 1034 396 non
1064 355 1222 408 potuit?
1272 356 1415 411 utique
1446 357 1554 399 enim
1586 358 1749 400 dicunt:

178 419 273 461 ‘non
301 418 440 474 potuit
471 419 611 462 anima
634 432 720 462 esse
750 419 973 474 peccatrix,
1003 419 1078 461 nisi
1110 434 1200 462 eam
1231 421 1331 463 deus
1360 422 1588 465 miscuisset
1619 424 1750 465 carnis

176 484 384 527 consortio
415 484 686 539 peccatricis.‘
719 498 803 540 qua
834 498 929 539 ergo
962 485 1121 528 iustitia
1155 486 1194 528 id
1228 486 1369 529 fecerit
1401 488 1514 537 deus,
1548 502 1641 531 cum
1675 489 1750 531 isto

180 549 364 592 inuenire
399 563 482 592 non
516 555 655 605 posset
688 575 740 581 —
769 550 950 593 maxime
984 556 1154 606 propter
1186 557 1397 595 aeternam
1439 554 1748 597 damnationem

177 615 443 658 morientium
489 615 771 671 paruulorum,
818 615 968 671 quibus
1013 630 1095 658 non
1143 616 1364 671 baptizatis
1409 619 1622 673 expiatum
1669 634 1747 662 non

174 680 296 723 fuerit
316 681 513 736 originale
530 687 748 736 peccatum
771 706 835 733 —‚
857 694 930 724 cur
947 682 1090 737 itaque
1107 682 1207 725 deus
1226 683 1357 725 iustus
1375 691 1414 725 et
1446 684 1577 726 bonus
1600 698 1749 739 paruu-

176 746 307 789 lorum
352 747 525 797 animaS,
570 747 720 803 quibus
763 747 985 802 praesciuit
1028 761 1110 790 non
1154 748 1456 791 subuenturum
1501 750 1748 793 christianae

175 812 334 867 gratia-e
367 818 687 862 sacramentum,
720 812 774 855 ab
808 813 918 855 omni
954 827 1063 856 noxa
1095 814 1331 869 propaginis
1366 815 1511 857 liberas
1544 816 1748 858 mittendo

178 877 219 920 in
253 891 401 933 corpus
435 879 545 934 quod
581 892 631 920 ex
665 878 800 921 Adam
834 878 1016 921 trahitur
1048 879 1212 922 uinculo
1246 881 1405 935 peceati
1440 881 1646 935 originalis
1679 881 1748 923 ob-

177 943 391 986 strinxerit
413 949 540 999 atque
563 944 641 986 isto
664 944 787 986 modo
811 957 899 986 reas
921 949 1112 987 aeternae
1134 945 1414 988 damna-tionis
1437 946 1631 997 effecerit,
1654 961 1746 989 cum

174 1009 357 1052 inuenire
376 1023 458 1051 non
476 1014 616 1065 posset
635 1023 708 1052 nec
728 1009 851 1052 uellet
870 1010 1003 1052 dicere
1022 1010 1148 1053 etiam
1166 1011 1276 1066 ipsas
1295 1025 1345 1053 ex
1364 1011 1432 1053 illa
1451 1026 1532 1054 una
1552 1013 1747 1067 originem

174 1074 338 1117 trahere
362 1075 648 1130 peccatricem,
675 1075 823 1118 maluit
849 1089 921 1130 per
946 1076 1208 1131 naufragium
1233 1077 1463 1119 miserabile
1488 1078 1596 1119 exire
1621 1092 1747 1133 quam

171 1141 437 1183 temerarium
460 1154 626 1184 cursum
650 1140 751 1183 uelis
774 1141 972 1197 depositis
996 1147 1037 1184 et
1060 1142 1182 1184 remis
1206 1156 1303 1184 suae
1326 1143 1619 1197 disputationis
1644 1144 1746 1186 inhi-

173 1206 270 1263 bitis
286 1207 462 1262 prouida
476 1206 772 1249 deliberatione
788 1207 960 1250 frenare.
993 1207 1114 1250 uiluit
1131 1208 1284 1263 quippe
1300 1208 1437 1250 iuueni
1454 1209 1589 1250 senilis
1607 1216 1747 1251 nostra

170 1272 395 1323 cunctatio,
425 1272 542 1327 quasi
569 1272 663 1314 huic
687 1272 1002 1315 molestissimae
1028 1287 1075 1315 ac
1110 1273 1478 1328 periculosissimae
1514 1275 1744 1329 quaestioni

170 1338 299 1410 magis
322 1337 445 1380 fuerit
468 1338 648 1393 impetus
671 1338 930 1394 eloquentiae
954 1352 1080 1394 quam
1103 1339 1319 1381 consilium
1343 1341 1587 1395 prudentiae
1611 1355 1745 1383 neees-

168 1403 334 1446 sarium.
370 1409 410 1445 et
428 1403 635 1458 praeuidit
653 1403 779 1446 etiam
797 1404 901 1446 hoc
893 1418 991 1459 ipse,
1010 1405 1080 1447 sed
1101 1405 1272 1455 frustra;
1303 1420 1397 1447 nam
1418 1406 1516 1447 11··1‹›‹
1536 1406 1611 1447 sibi
1632 1406 1745 1448 uelut

168 1468 221 1511 ab
259 1469 504 1511 aduersariis
542 1469 828 1524 propositurus
867 1469 1048 1513 obiecta:
1093 1471 1239 1512 exhinc
1267 1470 1362 1521 alia,
1394 1472 1587 1526 inquit&
1571 1471 1661 1513 snb>
1655 1476 1745 1512 tru-

170 1538 294 1577 untur
327 1534 536 1588 obprobria
578 1535 753 1588 querulis
796 1536 1183 1578 murmurationibus
1223 1536 1484 1579 oblatrantum
1521 1541 1554 1578 et
1589 1550 1705 1579 emus
1691 1551 1742 1578 δι

169 1600 286 1654 quasi
312 1600 482 1654 quodam
509 1601 664 1642 turbine
692 1601 906 1643 identidem
930 1601 1033 1643 inter
1052 1602 1250 1644 immania
1278 1616 1381 1644 sara
1398 1602 1649 1644 eonlzdmmr
1683 1603 1743 1644 his

166 1665 387 1720 praedictis
405 1666 689 1721 quaestionem
708 1680 831 1721 supra
849 1667 1006 1709 dictam
1025 1667 1401 1723 scopulosissimam
1420 1668 1496 1710 sibi
1516 1669 1741 1723 proposuit,

167 1730 238 1773 ubi
273 1745 298 1774 a
334 1731 417 1774 fide
451 1732 656 1775 catholica
692 1732 972 1785 naufragauit,
1010 1733 1085 1775 nisi
1122 1733 1307 1775 refecerit
1346 1734 1594 1789 paenitendo
1631 1734 1739 1788 quod

167 1796 300 1851 fregit.
338 1796 454 1839 illum
475 1810 549 1853 ego
569 1797 779 1840 turbinem
800 1804 927 1853 atque
947 1798 1015 1841 illa
1035 1812 1135 1841 saxa
1155 1799 1346 1842 deuitans
1368 1814 1515 1841 nauem
1539 1799 1613 1840 illis
1634 1812 1742 1840 eom-

124 1874 135 1881 ·
168 1861 334 1904 mittere
353 1862 465 1905 nolui
484 1868 525 1905 et
543 1863 595 1905 de
613 1863 690 1906 hac
708 1876 750 1905 re
768 1864 829 1906 ita
846 1864 1002 1919 scripsi,
1022 1869 1069 1906 ut
1088 1865 1290 1907 rationem
1310 1865 1447 1920 potius
1467 1865 1741 1907 cunctationis

165 1941 281 1970 meae
314 1941 441 1983 quam
474 1929 755 1971 temeritatem
788 1930 1137 1984 praesumptionis
1170 1931 1440 1973 ostenderem.
1477 1931 1585 1985 quod
1622 1943 1741 1984 opus-

258 2034 299 2070 19
316 2034 416 2070 Vino.
434 2034 568 2077 Victor:
588 2034 632 2070 cf.
651 2046 730 2082 pag.
748 2035 824 2077 309,
838 2035 860 2070 9
938 2036 982 2072 25
999 2036 1043 2072 cf.
1062 2037 1150 2082 Aug.
1170 2036 1348 2073 Delibero
1365 2037 1512 2072 arbitrio
1534 2036 1587 2071 ῘΙΙ
1605 2036 1738 2070 59-62

168 2092 336 2138 (XXXII
362 2095 449 2131 1296
476 2095 539 2140 Μ).
573 2093 628 2130 De
651 2105 744 2141 pecc.
768 2094 904 2131 meritis
930 2095 967 2131 II
989 2095 1045 2139 36,
1072 2096 1123 2132 58.
1151 2095 1265 2143 Epist.
1297 2098 1363 2133 166
1385 2096 1515 2142 (CSEL
1543 2095 1741 2131 XXXXIV

164 2154 257 2200 545).
285 2153 400 2201 Epist.
430 2155 496 2191 190
530 2153 662 2200 (GSEL
688 2154 788 2191 LVII
811 2156 893 2200 137)

259 2239 275 2274 1
294 2237 438 2285 religare
452 2236 642 2275 BCDEFG
720 2238 900 2274 consortia
910 2240 942 2274 A
1014 2239 1035 2275 2
1050 2239 1130 2276 hinc
1142 2240 1238 2286 cepit
1250 2240 1280 2275 E
1352 2241 1374 2276 3
1387 2239 1472 2286 non]
1490 2243 1535 2274 na
1548 2241 1578 2274 A
1654 2239 1738 2274 deus

169 2307 248 2333 eam
259 2298 291 2332 E
401 2297 602 2344 misguisset
614 2299 646 2334 A
669 2298 849 2335 micuisset
857 2297 943 2335 Fm1
1052 2302 1073 2336 4
1090 2299 1268 2335 consortia
1283 2301 1314 2335 A
1422 2300 1506 2335 deus
1523 2299 1557 2334 id
1575 2299 1695 2334 fecerit
1709 2299 1737 2332 Ε

165 2357 188 2392 5
204 2356 316 2404 posuit
325 2358 356 2393 E
472 2358 494 2394 9
507 2358 616 2395 noxia
626 2358 657 2394 E
774 2358 986 2405 propaganis
995 2358 1025 2392 F
1147 2359 1190 2395 10
1204 2359 1466 2395 obstrixeri-tG
1490 2357 1737 2394 obstrincxerit

164 2416 203 2461 (n
217 2427 243 2451 ε.
260 2415 339 2462 1.)F
430 2418 468 2454 11
488 2417 640 2454 efficerit
650 2418 714 2453 AC
832 2419 874 2454 14
890 2418 1145 2465 dispositisGB
1155 2430 1187 2455 α.
1199 2430 1226 2454 c.
1331 2418 1464 2454 inibitis
1477 2420 1504 2453 A
1529 2418 1693 2454 indebitis
1707 2418 1735 2451 E

164 2477 206 2513 15
222 2475 385 2512 inueniA
442 2476 486 2514 16
505 2476 667 2513 cunctati
678 2479 708 2513 A
757 2478 917 2514 cuntatio
932 2478 961 2513 C
1007 2478 1063 2514 uic
1076 2480 1107 2514 A
1154 2479 1220 2514 hac
1234 2478 1263 2513 C
1319 2477 1523 2524 quaestione
1535 2477 1563 2512 C
1611 2479 1652 2512 18
1668 2477 1734 2512 hoc

162 2535 274 2572 ctiam
285 2534 416 2572 ABCF
474 2547 559 2573 nam
573 2547 619 2573 ex
630 2538 662 2573 A
735 2536 777 2574 19
791 2538 1030 2574 subtruuntur
1042 2538 1071 2574 C
1086 2535 1364 2582 substrahuntur
1379 2539 1420 2583 (s.
1434 2535 1480 2581 ab
1494 2538 1546 2571 ml
1564 2537 1640 2570 add.
1656 2536 1694 2579 u)
1705 2534 1734 2567 F

163 2596 207 2631 20
221 2595 384 2642 querellis
394 2597 427 2632 A
443 2596 620 2644 quaerulis
634 2596 724 2633 BC'G
786 2597 1043 2634 oblatrantium
1055 2596 1170 2642 AER·
1183 2600 1225 2642 cs.
1239 2596 1315 2637 309,
1328 2598 1371 2632 10
1418 2599 1457 2633 21
1477 2595 1690 2641 turpidinem
1703 2597 1733 2630 A

159 2653 275 2701 uictor
292 2655 387 2692 inter
399 2656 432 2692 B
457 2655 577 2693 uictor
600 2656 694 2692 inter
715 2656 807 2694 CEG
828 2657 945 2693 uictor
969 2668 1005 2692 es
1029 2656 1122 2693 inter
1139 2656 1170 2690 F
1190 2658 1242 2702 (es
1266 2667 1293 2693 S.
1314 2656 1353 2701 1.)
1429 2658 1471 2692 22
1496 2654 1731 2701 scopolosissi-

153 2724 250 2751 mam
260 2715 375 2752 cona
477 2717 521 2753 23
537 2714 690 2753 reticet-it
698 2717 766 2752 AB
856 2716 1027 2763 penitudo
1039 2717 1071 2752 Ε
1162 2718 1206 2752 24
1222 2727 1303 2762 ergo
1316 2715 1376 2751 BG
1473 2714 1685 2760 turpidinem
1700 2715 1730 2748 A

164 2784 254 2811 saxa
266 2785 332 2811 om.
346 2775 380 2811 Ε
454 2776 498 2812 25
514 2786 556 2812 ac
566 2777 599 2811 A

228 2844 292 2874 Lx.
310 2845 434 2880 Augu-t.
452 2845 527 2875 vm
546 2853 613 2882 ptr·
633 2845 659 2875 1.
678 2845 758 2874 Vrbn
777 2847 808 2874 ct
829 2845 937 2880 Zychn.
1618 2845 1660 2880 23
