2028 3204
675 158 724 196 11.
749 157 862 196 Index
885 157 1066 194 nominum
1090 161 1127 193 et
1151 167 1265 193 rerum
1689 152 1769 193 609

178 279 331 314 Lazarus
360 278 546 325 episcopus
579 277 611 313 11
642 278 698 319 52,
732 279 783 313 16.
815 277 870 318 95,
900 279 931 312 ὃ.

226 339 300 380 116,
327 339 380 374 25.

178 397 282 433 lectio
306 398 508 444 euangelica
537 397 549 432 1
574 398 630 439 58,
655 398 686 432 5.

178 457 302 493 lector:
322 458 462 493 lectoris
478 458 621 493 functus
638 456 758 492 officio
776 456 812 491 in
830 467 933 501 syna-

223 529 312 563 goga
340 517 353 552 I
379 518 434 558 53,
460 520 491 553 8.

179 576 263 613 Lcui
279 583 401 623 postea
418 589 486 612 non
502 589 575 612 csse
589 576 805 612 decimatum
825 575 838 611 I
858 578 932 616 111,

227 638 277 672 16.

180 696 314 731 Leuitis
336 697 492 731 decimae
518 697 731 742 praebentur
758 695 772 730 1
801 697 874 736 112,
900 697 931 730 3.

179 756 250 791 lex:
265 756 438 802 euangelii
453 756 484 791 ll
502 758 578 798 223,
595 758 645 792 13.
661 754 934 791 circumcisionis

228 815 241 850 Ι
257 817 335 857 546,
351 818 382 851 6.
399 817 442 851 de
458 816 760 862 praeuaricatione
779 816 791 850 l
808 817 886 856 531,
903 816 932 850 2.

226 875 280 910 lex
302 876 475 911 factorum
500 876 513 911 l
538 878 611 917 169,
636 879 685 911 18.
710 877 784 917 170,
806 877 836 911 2.
860 876 935 915 173,

229 936 278 970 15.
308 937 382 977 174,
407 938 460 971 23.
488 937 563 977 175,
587 939 618 971 4.
646 937 720 977 194,
745 938 776 971 3.
804 937 879 976 196,
902 937 934 969 ὃ.

225 995 308 1030 fidei
326 995 339 1030 I
358 997 431 1037 196,
446 998 466 1031 9
479 999 536 1031 cet.
552 996 606 1030 lex
620 996 675 1031 dei
694 995 704 1030 l
724 997 797 1037 197,
812 996 855 1031 20
868 999 934 1030 cet.

227 1055 280 1089 lex
306 1055 340 1089 in
367 1056 497 1090 tabulis
520 1056 633 1101 digito
657 1055 713 1091 (lei
738 1055 935 1100 conscripta

230 1114 243 1148 1
279 1116 354 1155 182,
388 1118 418 1150 9.
454 1116 563 1161 legem
599 1115 724 1150 uolunt
759 1114 937 1160 Pelagiani

225 1174 380 1219 intellegi
398 1175 548 1220 gratiam
572 1175 584 1210 l
604 1176 681 1216 532,
701 1179 732 1210 8.
766 1176 820 1210 lex
838 1174 938 1220 spiri-

227 1234 308 1269 talis
327 1235 338 1269 1
355 1236 432 1275 496,
447 1237 498 1270 lo.
515 1236 569 1270 lex
584 1235 764 1270 auditores
778 1234 938 1270 iustitiae

228 1294 325 1335 facit,
370 1295 484 1339 gratia
521 1296 671 1330 factores
709 1295 722 1329 Ι
760 1298 837 1337 486,
886 1296 936 1330 17.

228 1354 399 1388 naturalis
430 1355 484 1389 lex
521 1355 556 1389 in
588 1367 657 1401 qua
688 1355 838 1401 quisque
868 1354 937 1389 iam

229 1413 363 1448 ratione
399 1420 500 1449 utens
535 1415 658 1460 incipit
694 1420 839 1461 peccato
872 1414 939 1449 ori-

226 1473 333 1517 ginali
363 1474 492 1509 addere
520 1481 553 1510 et
585 1475 725 1520 propria
757 1475 770 1510 Ι
803 1477 854 1516 13,
886 1476 937 1510 12.

230 1533 282 1567 lex
304 1534 435 1579 scripta
457 1546 517 1580 per
537 1535 682 1580 Moysen
704 1535 833 1581 populo
853 1535 939 1569 data

233 1592 245 1627 1
264 1595 315 1633 13,
335 1595 384 1628 13.
415 1594 468 1628 lex
485 1594 656 1629 naturalis
671 1595 725 1629 uel
741 1594 940 1640 conscripta-

232 1652 245 1687 1
264 1654 319 1693 65,
339 1654 392 1688 22.
426 1654 480 1688 lex
499 1654 648 1689 carnalis
666 1654 940 1689 circumcisionis

232 1711 245 1747 l
270 1714 345 1754 137,
370 1714 420 1748 17.
456 1714 564 1760 legem
587 1714 786 1760 accepimus
807 1726 877 1749 non
900 1719 938 1749 ut

227 1773 475 1807 emendatione
517 1774 699 1809 finiremus
741 1780 938 1820 peccatum,

228 1833 289 1866 sed
334 1838 374 1867 ut
417 1834 691 1879 transgressione
733 1846 940 1879 augeremus

234 1891 247 1926 l
276 1894 350 1933 148,
376 1894 407 1927 3.
448 1893 501 1927 lex
528 1894 692 1938 quamuis
717 1894 809 1929 bona
834 1898 939 1939 auget

232 1951 669 1997 prohibendodesiderium
682 1955 813 1988 malum
835 1953 848 1988 I
865 1954 939 1993 158,

231 2012 284 2046 25.
335 2011 390 2046 lex
426 2012 582 2047 ostendit
618 2013 703 2058 quid
741 2013 940 2048 faciendum

229 2071 362 2117 quidue
382 2072 578 2107 nuendum
598 2072 645 2107 sit
668 2072 681 2107 l
704 2074 778 2114 166,
799 2074 852 2108 25.
886 2073 941 2108 lex

230 2132 405 2166 factorum
428 2137 464 2166 et
485 2132 540 2166 lex
560 2132 644 2167 fidei
665 2133 751 2178 quid
772 2133 943 2168 differant

235 2190 249 2225 Ι
267 2191 342 2232 173,
361 2192 412 2226 15.
429 2192 524 2237 quod
540 2203 685 2237 operum
703 2193 757 2227 lex
773 2192 941 2227 minando

231 2250 395 2296 imperat,
417 2251 481 2286 hoc.
503 2251 587 2286 fidei
608 2252 663 2287 lex
684 2253 857 2287 credendo
878 2252 942 2287 im-

233 2314 351 2356 petrat
374 2310 388 2345 1
409 2311 485 2352 175,
509 2312 559 2347 13.
582 2311 757 2347 hominem
778 2323 849 2347 non
868 2312 942 2357 lege

230 2380 377 2415 operum
418 2370 604 2406 iustificari
643 2372 704 2407 sed
745 2372 818 2417 lege.
858 2372 943 2406 fidei

236 2429 251 2464 1
272 2430 346 2470 176,
368 2431 419 2465 14.
452 2441 535 2465 num
555 2430 665 2476 legem
682 2431 822 2466 duabus
840 2431 943 2466 tabu-

232 2488 275 2523 lis
316 2488 484 2534 scriptam
526 2489 681 2525 litteram
723 2491 942 2526 occidentem

232 2548 416 2594 apostolus
435 2549 589 2595 appellet
613 2549 627 2584 1
650 2551 725 2592 177,
745 2552 777 2586 8.
812 2551 868 2585 lex
887 2550 944 2586 dei

233 2612 288 2643 est
307 2607 437 2643 caritas
459 2608 474 2643 1
496 2610 572 2651 183,
593 2610 624 2645 2.
659 2609 714 2645 lex
734 2621 880 2656 operum
901 2630 943 2635 —

232 2667 291 2702 lex
311 2667 397 2703 fidei
422 2667 437 2703 1
462 2670 536 2710 183,
559 2669 591 2704 5.
628 2668 683 2704 lex
705 2670 793 2705 data
814 2673 880 2712 est,
903 2673 944 2705 ut

231 2727 351 2773 gratia
371 2732 609 2774 quaereretur,
630 2728 747 2775 gratia
768 2729 856 2765 data
877 2733 943 2771 est,

233 2790 277 2822 ut
304 2785 361 2822 lex
388 2786 583 2834 inpleretur
613 2787 630 2823 1
661 2789 737 2830 187,
767 2789 821 2824 22.
852 2788 944 2835 leges

262 2863 325 2892 Lx.
344 2863 465 2899 Augu-t,
485 2864 557 2893 viu
577 2873 640 2901 pars
661 2865 684 2894 1.
705 2865 782 2894 Vrbs
799 2869 828 2894 ot
848 2866 953 2901 Zyohn.

1053 276 1108 311 dei
1129 276 1173 310 ab
1194 275 1270 321 ipso
1290 276 1355 310 deo
1375 275 1528 321 scriptae
1547 275 1583 309 in
1604 275 1767 309 cordibus

1054 341 1135 370 sunt
1163 335 1361 381 praesentia
1386 335 1532 381 spiritus
1557 335 1684 372 sancti.
1709 335 1766 380 qui

1053 400 1105 430 est
1142 395 1276 440 digitus
1311 395 1366 430 dei
1408 395 1419 430 I
1462 397 1536 436 189,
1574 395 1604 430 9.
1657 395 1764 438 legen}

1054 456 1227 490 factorum
1250 455 1424 501 pertinere
1443 455 1488 490 ad
1510 459 1764 490 testamentum

1053 520 1167 556 uetus,
1194 516 1302 561 legem
1329 515 1411 550 fidei
1438 515 1482 550 ad
1509 519 1764 550 testariientum

1053 586 1184 609 nouum
1208 575 1221 609 1
1247 578 1320 615 194,
1341 577 1371 610 3.
1394 586 1462 609 non
1483 575 1665 609 auditores
1686 574 1772 618 legis

1053 635 1112 670 sed
1137 636 1287 670 factores
1309 634 1553 670 iustificantur
1577 634 1591 669 l
1618 635 1692 673 198,
1716 635 1769 669 25.

1052 695 1216 730 ‘factores
1242 695 1326 740 legis
1349 694 1652 730 iustificabuntui‘
1685 694 1769 739 quid

1053 755 1229 800 significet
1252 755 1264 789 1
1288 756 1361 797 199,
1383 757 1410 790 1.
1431 754 1642 789 naturaliter
1660 753 1769 789 humi-

1055 826 1115 849 nes
1131 826 1221 860 quae
1238 815 1322 860 legis
1336 820 1418 849 sunt
1436 815 1568 850 iaciunt
1591 814 1603 848 l
1621 816 1697 852 201,
1716 816 1766 849 16.

1056 876 1132 916 202,
1165 877 1195 910 4.
1229 876 1306 915 203,
1341 877 1391 910 13.
1424 886 1466 909 ex
1498 875 1571 919 lege
1602 874 1768 909 timemus

1055 935 1173 974 deum,
1205 946 1247 969 ex
1280 935 1351 969 lide
1383 946 1564 980 speramus
1595 934 1630 968 in
1662 934 1765 968 deum

1060 994 1073 1029 1
1096 996 1173 1036 208,
1195 996 1226 1030 5
1263 995 1317 1029 lex
1341 1006 1402 1029 nec
1425 995 1499 1040 ipsa
1522 1000 1573 1029 est
1597 994 1709 1039 gratia
1734 998 1766 1027 ct

1057 1054 1143 1089 niliil
1159 1066 1201 1089 ex
1217 1066 1256 1089 ea
1274 1060 1366 1089 recte
1381 1055 1423 1089 iit
1439 1055 1513 1089 sine
1528 1054 1643 1099 gratia
1662 1053 1768 1094 1516,

1058 1116 1111 1150 20.
1137 1115 1209 1160 lege
1234 1115 1337 1149 liuius
1360 1115 1488 1149 saeculi
1511 1114 1768 1148 interueniente

1059 1175 1203 1220 repudio
1219 1174 1293 1209 sine
1309 1175 1453 1209 crimine
1469 1174 1674 1209 conceditur
1689 1185 1767 1208 cum

1057 1235 1134 1269 aliis
1155 1235 1223 1269 alia
1247 1235 1409 1280 copulare
1426 1234 1587 1279 coniugia
1616 1262 1622 1268 .
1641 1263 1647 1269 .
1669 1263 1675 1269 .
1698 1233 1769 1277 lege

1057 1295 1230 1340 euangelii
1257 1307 1333 1329 reus
1359 1300 1411 1329 est
1437 1294 1603 1329 adulterii
1631 1293 1665 1328 ll
1693 1295 1769 1334 223,

1058 1356 1088 1390 9.
1126 1357 1176 1390 13.
1224 1355 1278 1389 lex
1312 1367 1371 1401 per
1405 1355 1549 1399 Moysen
1581 1355 1665 1388 data
1700 1365 1767 1387 non

1058 1415 1177 1461 potuit
1193 1426 1335 1460 regnum
1352 1415 1476 1449 mortis
1489 1415 1625 1449 auferre
1643 1413 1675 1448 11
1691 1416 1770 1453 306,

1061 1478 1089 1510 l.
1129 1475 1237 1521 legem
1276 1476 1320 1509 ad
1359 1474 1595 1520 cognitionem
1635 1473 1770 1519 peccati

1060 1535 1175 1569 ualere
1208 1534 1219 1568 Ι
1251 1536 1328 1576 435,
1361 1538 1411 1570 16.
1445 1546 1513 1568 non
1543 1534 1679 1568 auferre
1710 1533 1767 1567 sed

1060 1595 1178 1640 potius
1203 1606 1329 1639 augere
1356 1598 1539 1640 peccatum
1571 1594 1584 1628 1
1611 1595 1688 1634 434,
1716 1594 1769 1627 28.

1014 1655 1150 1689 libellus
1187 1654 1349 1689 Caeles-fii
1385 1655 1493 1700 gestis
1529 1653 1773 1688 ecclesiasticis

1059 1715 1231 1760 allegatus
1259 1714 1293 1749 11
1322 1716 1396 1755 169,
1423 1716 1475 1749 24.

1014 1775 1115 1810 liber:
1170 1774 1272 1809 Liber
1322 1774 1557 1820 capitulorum
1609 1773 1774 1817 (Pelagii)

1063 1834 1097 1869 II
1118 1835 1173 1875 58,
1195 1836 1225 1869 2.
1252 1836 1326 1874 107,
1351 1835 1401 1869 15.
1428 1836 1502 1872 108,
1525 1835 1577 1868 20.
1601 1832 1771 1867 Testimo-

1060 1894 1197 1928 niorum
1231 1894 1317 1928 liber
1352 1893 1363 1928 Ι
1397 1895 1474 1933 543,
1507 1895 1537 1927 9.
1571 1893 1657 1927 liber
1688 1892 1771 1926 fidei

1064 1954 1194 1999 Pelagii
1243 1953 1391 1988 Romam
1439 1964 1519 1987 cum
1552 1952 1680 1986 litteris
1727 1952 1770 1985 ad

1061 2024 1190 2059 papam
1216 2013 1462 2048 Innocentium
1486 2012 1613 2047 missus
1638 2011 1672 2046 ΙΙ
1697 2013 1772 2052 182,

1062 2074 1115 2108 23.
1147 2073 1166 2108 l.
1188 2073 1390 2119 Sapientiae
1409 2073 1423 2107 Ι
1440 2074 1518 2113 371,
1536 2073 1589 2107 20.
1622 2072 1641 2106 l.
1660 2071 1773 2105 sancti

1065 2133 1078 2167 l
1104 2134 1182 2174 412,
1209 2134 1262 2168 23.

1015 2192 1163 2228 liberum
1185 2192 1387 2227 arbitrium:
1409 2192 1468 2227 lib.
1490 2192 1564 2226 arb.
1587 2191 1688 2225 nobis
1709 2190 1776 2224 nisi

1061 2264 1105 2287 cx
1134 2253 1199 2287 (leo
1229 2264 1302 2287 esse
1333 2264 1403 2287 non
1433 2263 1533 2298 posse
1567 2251 1580 2285 l
1613 2252 1688 2287 101.
1723 2253 1772 2285 13.

1061 2312 1176 2358 ipsum
1196 2323 1337 2358 quoque
1356 2312 1503 2347 liberum
1523 2310 1708 2346 arbitrium
1729 2310 1772 2344 ad

1061 2372 1118 2407 dei
1145 2372 1310 2417 gratiam,
1339 2372 1402 2407 hoc
1432 2376 1483 2406 est
1512 2371 1556 2405 ad
1585 2370 1641 2405 dei
1668 2371 1774 2410 dona,

1062 2431 1237 2477 pertinere
1271 2431 1285 2466 1
1317 2433 1371 2473 77,
1407 2433 1456 2466 19.
1502 2431 1561 2465 lib.
1594 2430 1668 2464 arb.
1701 2429 1774 2463 sine

1063 2502 1134 2537 quo
1149 2502 1211 2526 nec
1227 2492 1317 2526 male
1334 2502 1395 2526 nec
1411 2491 1499 2526 bene
1515 2489 1650 2524 uiuitur
1668 2489 1680 2523 1
1700 2490 1775 2530 159,

1066 2551 1116 2586 12.
1152 2550 1211 2586 lib.
1233 2551 1307 2586 arb.
1331 2551 1434 2596 primi
1457 2549 1609 2584 hominis
1630 2554 1775 2595 peccato

1063 2621 1134 2645 non
1167 2610 1309 2656 periisse
1346 2610 1359 2644 1
1393 2610 1470 2650 425,
1505 2610 1558 2644 25.
1605 2609 1665 2644 lib.
1699 2609 1773 2643 arb.

1064 2681 1175 2716 usque
1195 2670 1283 2705 adeo
1305 2670 1341 2704 in
1363 2673 1546 2715 peccatore
1567 2679 1638 2703 non
1660 2668 1777 2714 periit,

1064 2733 1106 2764 ut
1153 2740 1214 2776 per
1260 2729 1377 2775 ipsum
1426 2732 1573 2775 peccent
1621 2727 1775 2762 maxime

1063 2799 1184 2824 omnes
1202 2788 1216 2823 1
1231 2790 1310 2826 426.
1324 2791 1356 2824 4.
1384 2788 1445 2824 lib.
1460 2788 1534 2824 arb.
1551 2787 1774 2834 captiuatum

1622 2855 1667 2892 39
