2028 3204
299 235 384 279 386
734 246 791 281 IV.
827 246 879 281 De
906 248 1036 281 natura
1062 248 1100 281 et
1129 245 1261 292 origine
1292 245 1430 281 animae

295 370 477 426 corporis
501 370 719 425 inquisiuit
742 374 785 412 et
809 369 1006 426 quicquid
1029 383 1081 412 ex
1103 369 1160 413 eis
1183 369 1338 416 discere
1361 368 1503 424 potuit
1525 382 1598 424 per
1621 368 1760 412 oculos
1784 382 1871 412 cor-

294 436 404 492 poris
426 435 584 478 didicit.
623 440 666 478 ct
687 440 797 478 certe
818 435 876 477 ibi
897 440 999 486 erat,
1022 435 1150 478 etiam
1172 435 1340 490 quando
1361 434 1432 477 illa
1451 434 1673 478 nesciebat.
1711 440 1754 478 et
1774 448 1870 478 cum

294 501 455 546 uiscera
475 501 722 545 intrinsecus
743 505 889 545 nostra
906 513 991 543 non
1013 501 1175 556 possint
1196 500 1282 546 sine
1303 500 1445 543 anima
1465 499 1618 552 uiuere,
1641 499 1801 542 facilius
1823 513 1873 543 ea

295 566 436 622 potuit
461 566 602 609 anima
626 566 838 609 uiuificare
866 579 993 621 quam
1016 579 1149 612 nosse.
1193 578 1246 608 an
1270 566 1378 608 forte
1405 565 1458 607 ad
1484 565 1570 610 eius
1595 565 1871 620 cognitionem

296 632 419 674 altius
442 631 513 674 illa
533 637 597 674 θεῖ
619 645 767 687 corpus
790 631 875 674 eius
899 645 1026 687 quam
1047 632 1138 687 ipsa
1159 636 1201 674 et
1223 631 1314 674 ideo
1336 631 1370 677 si
1391 630 1494 673 uelit
1515 630 1719 687 inquirere
1741 636 1869 687 atque

295 697 505 748 disserere,
529 697 696 752 quando
716 709 855 740 semen
874 697 1054 739 hominis
1082 701 1351 740 conuertatur
1369 697 1411 738 in
1441 696 1683 752 sanguinem
1703 696 1870 752 quando

295 764 336 805 in
356 763 531 805 solidam
551 776 730 814 carnem,
752 763 920 817 quando
941 776 1034 805 ossa
1060 762 1201 805 durari
1230 762 1397 818 quando
1417 761 1620 817 incipiant
1637 760 1868 812 medullari,

297 834 401 885 quot
430 829 513 871 sint
539 840 691 883 genera
718 841 920 871 uenarum
948 833 1075 884 atque
1103 840 1338 878 neruorum,
1370 826 1521 882 quibus
1549 826 1799 872 discursibus
1828 832 1871 869 et

296 894 554 937 anfractibus
582 894 821 936 uniuersum
849 907 996 949 corpus
1023 893 1116 936 illae
1143 893 1321 949 inrigent
1346 892 1406 934 illi
1441 892 1623 948 alligent,
1660 898 1803 934 utrum
1829 892 1870 934 in

294 960 431 1002 neruis
449 960 695 1014 deputanda
713 959 768 1003 sit
785 960 891 1001 cutis
908 965 1052 1001 utrum
1071 959 1112 1001 in
1135 958 1294 1003 ossibus
1312 958 1457 1003 dentes
1484 983 1535 987 —
1557 957 1727 1003 distant
1745 957 1868 1008 enim,

297 1025 408 1082 quod
429 1024 614 1068 medulla
636 1029 779 1067 carent
801 1050 852 1053 —
876 1030 918 1066 et
941 1024 1042 1079 quid
1065 1024 1118 1066 ab
1141 1024 1328 1079 utrisque
1351 1023 1552 1066 differant
1575 1036 1746 1078 ungues,
1773 1036 1871 1077 quo-

294 1091 407 1133 niam
430 1091 493 1132 his
518 1090 674 1133 duritia
696 1089 848 1133 similes
873 1095 984 1141 sunt,
1009 1089 1192 1145 praecidi
1215 1094 1357 1131 autem
1381 1081 1425 1131 et
1448 1102 1626 1131 crescere
1651 1101 1868 1130 commune

295 1156 374 1198 illis
399 1161 462 1202 est
486 1169 580 1198 cum
604 1155 776 1210 capillis,
803 1155 995 1210 quisnam
1018 1155 1073 1197 sit
1098 1168 1196 1201 usus
1219 1167 1420 1197 uenarum
1443 1167 1526 1196 non
1550 1153 1773 1209 sanguinis,
1799 1152 1870 1197 sed

296 1222 414 1273 aeris,
443 1235 545 1277 quas
571 1221 744 1263 arterias
769 1225 943 1263 uocant:
991 1221 1094 1263 haec
1118 1225 1245 1276 atque
1270 1219 1507 1262 huiusmodi
1532 1219 1582 1261 de
1607 1223 1761 1261 natura
1785 1232 1871 1261 cor·

295 1287 406 1342 poris
438 1287 501 1329 sui
525 1287 558 1331 si
581 1287 722 1329 anima
751 1299 870 1329 nosse
901 1286 1118 1337 desideret,
1150 1286 1318 1328 tuncine
1349 1285 1571 1328 dicendum
1601 1289 1664 1326 est
1692 1283 1869 1326 homini:

296 1354 541 1396 altiora
577 1359 628 1395 te
660 1367 719 1395 ne
749 1352 1106 1408 quaesieris
1137 1357 1194 1395 et
1232 1352 1517 1394 fortiora
1550 1356 1600 1393 te
1635 1363 1703 1392 ne
1735 1363 1872 1392 scru-

295 1425 314 1461 t
333 1433 358 1462 a
375 1424 394 1461 t
412 1434 439 1461 u
457 1433 474 1461 ε
502 1419 519 1460 f
534 1432 561 1460 u
579 1433 600 1461 e
618 1419 667 1460 ri
685 1432 716 1469 S,
744 1417 778 1463 si
803 1422 946 1460 autem
963 1417 1014 1460 de
1032 1430 1107 1459 sua
1124 1417 1276 1472 origine
1296 1416 1406 1472 quod
1424 1415 1555 1462 nescit
1573 1414 1770 1470 inquirat,
1788 1428 1871 1457 non

300 1489 363 1526 θεῖ
384 1484 508 1532 altius
528 1496 662 1538 neque
684 1483 834 1525 fortius
859 1496 986 1538 quam
1007 1487 1056 1525 ut
1080 1482 1121 1524 id
1142 1482 1273 1537 possit
1295 1480 1634 1537 adprehendere?
1664 1486 1706 1523 et
1729 1479 1871 1522 absur-

295 1551 396 1592 dum
426 1549 641 1593 existimas
670 1553 798 1604 atque
827 1549 1100 1603 incongruum
1122 1547 1288 1599 rationi,
1312 1552 1361 1589 ut
1385 1547 1543 1589 nesciat
1568 1546 1707 1589 anima
1728 1551 1870 1588 utrum

295 1629 405 1658 noua
430 1614 633 1660 diuinitus
658 1613 875 1656 insufflata
900 1613 955 1656 sit
980 1627 1033 1656 an
1061 1613 1112 1656 de
1131 1613 1374 1669 parentibus
1402 1617 1553 1663 tracta,
1579 1625 1674 1654 cum
1692 1612 1771 1653 hoc
1787 1611 1871 1653 iam

295 1680 568 1735 praeteritum
585 1694 669 1722 non
686 1679 923 1722 meminerit
942 1684 984 1721 et
1001 1679 1108 1723 inter
1119 1678 1190 1720 illa
1206 1679 1394 1734 deputet,
1417 1691 1522 1733 quae
1540 1675 1872 1721 inreuocabiliter

296 1745 403 1790 sicut
435 1746 658 1790 infantiam
690 1750 733 1787 θῖ
765 1750 903 1786 cetera
933 1744 1109 1787 recentis
1142 1744 1195 1786 ab
1227 1748 1345 1786 utero
1378 1742 1529 1786 aetatis
1563 1742 1694 1784 oblita
1725 1747 1800 1792 est,
1835 1740 1869 1784 si

297 1816 440 1854 tamen
469 1824 564 1853 cum
593 1823 713 1852 sensu
743 1810 827 1852 eius
856 1809 994 1864 aliquo
1023 1809 1184 1851 factum
1212 1813 1276 1851 est
1304 1808 1471 1864 quando
1499 1808 1659 1850 factum
1689 1813 1764 1858 est,
1794 1819 1870 1850 nec

295 1881 421 1932 putas
442 1876 670 1918 absurdum
689 1880 818 1930 atque
837 1875 1123 1930 incongruum,
1144 1879 1193 1916 ut
1213 1887 1360 1929 corpus
1380 1873 1459 1916 sibi
1478 1873 1695 1916 subditum
1712 1872 1871 1915 nesciat

295 1947 339 1984 et
370 1942 482 1997 quod
512 1955 595 1984 non
627 1946 690 1983 est
720 1941 771 1983 de
802 1940 1037 1995 praeteritis
1069 1940 1168 1991 cius,
1202 1941 1274 1983 sed
1303 1939 1354 1982 de
1385 1938 1672 1994 praesentibus
1702 1950 1869 1993 prorsus

295 2008 470 2064 ignoret,
503 2012 647 2050 utrum
677 2019 804 2049 uenas
834 2010 1005 2049 moueat
1034 2011 1084 2048 ut
1113 2005 1233 2047 uiuat
1262 2005 1304 2047 in
1335 2018 1517 2060 corpore,
1548 2017 1697 2047 neruos
1728 2007 1870 2045 autem

402 2149 442 2185 16
461 2149 568 2185 Eccli.
585 2150 617 2192 3,
638 2150 680 2183 22

400 2257 414 2290 1
429 2254 605 2301 quidquid
615 2256 646 2290 E
683 2276 686 2281 ·
701 2254 893 2299 discerpere
905 2254 933 2289 G
995 2253 1014 2287 2
1025 2256 1226 2288 erat—cum
1238 2253 1337 2287 om.A
1401 2252 1423 2287 3
1433 2255 1575 2297 possent
1585 2251 1622 2286 H
1672 2251 1693 2285 5
1710 2250 1769 2285 illa
1779 2250 1868 2285 om.d

299 2315 320 2350 6
338 2315 509 2361 sanguine
524 2314 584 2349 BC
630 2316 648 2350 7
659 2313 811 2359 incipiat
821 2313 939 2349 ABCI
986 2313 1007 2349 8
1019 2311 1115 2358 quod
1126 2312 1224 2347 ACD
1269 2321 1435 2347 uenerum
1447 2311 1476 2346 Ο
1531 2310 1552 2345 9
1565 2313 1602 2346 θῖ
1617 2309 1819 2345 uniuersum
1829 2309 1866 2344 H

298 2387 349 2420 pr.
368 2374 426 2418 ille
441 2374 476 2420 (a
493 2384 520 2410 s,
535 2375 567 2418 θ)
580 2374 615 2408 H
669 2374 727 2409 alt.
750 2373 854 2409 illaH
902 2374 941 2408 11
954 2371 1121 2407 meidulla
1132 2371 1216 2408 ΟΜΖ
1271 2382 1339 2417 quo
1358 2381 1430 2406 non
1449 2370 1553 2415 (inter
1567 2381 1587 2405 o
1605 2371 1633 2405 el
1648 2380 1720 2404 non
1737 2368 1867 2413 ras.)H

300 2435 341 2469 12
359 2433 513 2469 duritias
524 2433 552 2468 C
651 2433 849 2479 praediciA
947 2443 1094 2467 crescere
1112 2431 1202 2476 (cere
1218 2430 1282 2468 del.
1299 2430 1508 2477 assiymtur)
1520 2430 1553 2464 A
1630 2429 1672 2464 13
1689 2431 1744 2464 est
1758 2427 1868 2463 illisE

307 2493 505 2529 illis-usus
522 2492 624 2530 om.H
709 2491 904 2532 sedelrisA
988 2492 1031 2527 14
1051 2490 1156 2537 aeris]
1173 2489 1262 2526 aries
1273 2490 1308 2525 H
1383 2487 1524 2534 artiyias
1542 2490 1575 2534 (θ
1592 2498 1619 2523 ε.
1634 2486 1661 2533 i)
1672 2488 1707 2523 Η
1778 2487 1866 2523 haec

301 2555 421 2588 auteur
434 2553 464 2588 E
548 2551 769 2587 uiusmcdiA
865 2551 907 2586 15
926 2553 1011 2586 tunc
1027 2560 1082 2585 me
1093 2550 1127 2584 A
1149 2552 1234 2585 tunc
1250 2550 1306 2585 ine
1318 2550 1371 2584 DI
1393 2537 1506 2585 tsscine
1521 2549 1551 2584 Τ
1567 2546 1762 2584 tuncmeE
1781 2548 1867 2582 tunc

300 2615 392 2648 certe
403 2612 421 2646 b
467 2616 552 2648 tunc
569 2611 817 2647 inedicendum
831 2610 892 2646 BG
912 2613 998 2646 tunc
1014 2608 1283 2654 inaedicendum
1294 2609 1330 2644 H
1376 2609 1418 2644 16
1428 2606 1626 2654 quaeseeris
1637 2606 1666 2643 Ο
1709 2608 1747 2642 et
1762 2605 1867 2642 om.H

302 2683 346 2707 ne
366 2675 400 2707 te
411 2672 443 2707 E
498 2671 539 2706 18
556 2674 610 2706 est
627 2671 732 2707 om.H
777 2670 870 2706 altus
881 2670 910 2705 0
953 2681 997 2705 ne
1009 2669 1037 2705 Ο
1082 2672 1124 2704 ut
1139 2667 1241 2705 om.B
1281 2668 1323 2703 19
1339 2667 1528 2704 exestimas
1539 2666 1572 2702 A
1611 2663 1866 2702 utrumnauadi

300 2731 436 2767 uinitus
447 2731 480 2766 A
513 2733 717 2766 utrumnam
735 2729 931 2766 adiuinitus
944 2727 976 2762 Β
1014 2731 1145 2765 αῖῐῡῐιᾶ
1159 2727 1322 2765 adiuinus
1335 2727 1363 2763 G
1402 2729 1522 2762 utrum
1537 2723 1713 2763 diuinitus
1727 2734 1822 2760 noua
1832 2724 1866 2759 D

299 2793 523 2834 utrumnam
539 2789 716 2825 diuinitus
724 2789 823 2824 Ide
914 2789 956 2824 20
975 2787 1206 2834 praeteritum
1223 2787 1295 2822 iam
1305 2787 1337 2822 Ε
1441 2785 1482 2821 21
1501 2788 1572 2832 que
1587 2782 1871 2820 reuocabiliterc

300 2850 344 2885 23
361 2849 450 2885 alico
462 2850 495 2884 A
554 2861 597 2885 ne
609 2849 672 2884 AO
739 2849 780 2885 24
801 2848 989 2884 absordum
1000 2847 1027 2884 C
1595 2857 1599 2862 ’

1896 642 1914 671 5

1898 969 1939 999 10

1899 1295 1939 1325 1⁶

1896 1621 1939 1652 2⁰

1895 1948 1938 1978 2⁶
