2028 3204
265 199 344 243 626

313 322 396 357 nihil
427 321 576 366 amplius
607 331 770 365 quaerere
805 318 817 353 1
849 319 926 360 226,
958 320 1016 360 14;

310 384 352 425 cf.
373 381 434 422 16,
453 382 504 415 10.
537 379 641 420 1169,
658 380 710 414 24.
728 379 782 419 99,
799 379 852 413 20.
871 379 1015 419 142,1Ο.

314 441 388 480 157,
420 441 470 474 17.
503 440 577 479 160,
607 440 660 473 24.
690 440 767 479 244,
798 438 849 472 18.
879 438 956 478 303,
987 438 1016 472 1.

267 528 449 567 amputare
474 521 631 556 membra
660 520 674 555 I
699 522 775 561 344,
804 522 832 555 1.
859 521 936 562 407,
964 521 1016 555 10.

311 583 387 622 408,
413 583 465 616 22.
493 591 588 626 spem
618 580 632 614 I
657 581 733 621 491,
761 581 812 615 13.

266 676 326 699 an:
343 664 436 698 aliud
453 667 505 698 est
520 674 684 709 quaerere
699 673 744 697 an
758 662 870 708 possit
883 662 1017 708 aliquid

311 735 382 758 esse
400 723 411 757 l
428 724 503 764 237,
519 724 549 758 9.
565 723 651 757 latet
665 733 710 756 an
723 722 855 756 iustum
871 721 917 756 sit
933 721 947 756 Ι
962 722 1016 763 98,

311 784 362 818 27.
376 782 613 828 quaerendum
625 786 678 816 est
689 792 733 816 an
745 781 831 816 uelit
842 781 1016 816 hominem

311 843 394 876 deus
414 842 487 876 sine
506 847 650 887 peccato
671 852 743 876 esse
765 840 798 875 ΙΙ
820 842 851 882 7,
871 842 891 875 9
910 861 954 865 —
972 852 1017 875 an

311 902 481 947 numquid
526 901 540 935 l
579 901 664 941 482,
709 902 759 935 11.
803 905 921 934 utrum
974 920 1017 924 —

312 972 401 995 anne
430 960 443 994 I
467 962 545 1002 310,
569 962 600 995 3.

263 1031 500 1066 anacoluthia:
530 1031 610 1065 uide
631 1030 927 1076 quemadmodum
948 1041 1017 1065 non

309 1102 365 1125 eos
391 1090 521 1124 dixerit
546 1090 697 1135 ignaros,
724 1090 782 1124 sed
809 1090 902 1135 quod
929 1090 1017 1124 ueri-

309 1155 418 1184 tatem
454 1150 490 1183 in
523 1149 713 1194 iniquitate
748 1149 965 1183 detinuerint
1001 1149 1016 1184 I

312 1210 384 1250 172,
419 1211 451 1250 4,
485 1210 528 1252 cs.
565 1208 600 1243 11
635 1210 688 1250 24,
723 1209 775 1244 23.
812 1208 890 1254 quis
923 1208 1015 1243 enim

310 1268 442 1303 nesciat
476 1267 634 1302 fidelium
669 1278 690 1302 a
724 1272 848 1302 satana
882 1267 1016 1303 uenisse

309 1328 456 1372 primam
482 1327 618 1373 peccati
641 1327 837 1362 suasionem
862 1331 898 1362 et
921 1327 1015 1373 quod

310 1387 363 1421 ille
387 1387 521 1432 primus
543 1391 666 1421 auctor
689 1387 736 1421 sit
758 1386 914 1421 omnium
938 1398 1016 1433 pec-

309 1446 492 1481 catorum?
514 1446 526 1480 I
543 1447 619 1488 256,
637 1447 693 1487 17;
708 1447 751 1490 cl.
769 1446 784 1480 Ι
802 1447 875 1488 128,
893 1447 944 1482 17.
962 1447 1013 1482 19.

310 1506 368 1540 ubi
390 1506 515 1540 nolunt
538 1505 716 1551 Pelagiani
737 1506 851 1551 ipsum
875 1509 1015 1551 aposto-

308 1566 378 1600 lum
402 1565 570 1610 intellegi,
592 1565 650 1600 sed
675 1565 768 1610 quod
790 1565 827 1599 in
850 1576 885 1600 se
907 1565 1014 1600 alium

310 1625 612 1670 transfigurauerit
642 1624 656 1658 l
683 1624 760 1666 435,
790 1626 840 1659 11.
870 1625 953 1670 quia
979 1628 1015 1660 et

308 1684 370 1726 illi,
397 1695 484 1729 quos
511 1684 656 1729 legimus
683 1684 815 1729 aliquid
843 1695 1014 1729 peccasse,

309 1748 429 1788 postea
450 1747 568 1778 tamen
589 1755 646 1777 eos
666 1743 868 1778 emendasse
888 1754 1014 1789 cogno-

308 1803 423 1837 uimus
450 1802 463 1836 I
488 1803 564 1844 456,
591 1803 641 1837 16.
667 1803 726 1837 sed
750 1802 823 1837 dixi
847 1803 1013 1848 quoniam

309 1862 368 1907 qui
392 1861 543 1896 uoluerit
565 1862 760 1907 agonizare,
783 1866 824 1896 ut
845 1873 914 1897 non
937 1873 1014 1908 pec-

308 1926 374 1962 cet,
394 1922 520 1956 habere
538 1932 617 1956 eum
636 1922 726 1956 hanc
744 1921 1013 1966 possibilitatem

307 1991 328 2015 a
338 1980 441 2015 deoII
455 1981 529 2022 108,
542 1982 573 2015 8.
588 1981 797 2016 credendum
811 1985 864 2016 est
876 1981 970 2026 quod
983 2008 991 2016 .
1003 2009 1011 2016 .

309 2041 419 2074 facere
440 2051 540 2085 posse
564 2040 578 2074 Ι
599 2041 676 2081 365,
697 2042 729 2075 4.
754 2041 810 2081 10;
832 2041 875 2084 cs.
900 2040 914 2074 Ι
934 2040 1013 2082 568,

308 2100 359 2134 22.
378 2100 430 2134 25.
448 2099 547 2144 quasi
563 2110 632 2134 non
647 2099 702 2134 lex
718 2103 796 2134 tota
811 2099 1013 2134 huiusmodi

308 2158 569 2193 condicionibus
587 2158 690 2203 plena
708 2158 755 2193 sit
772 2162 837 2193 aut
852 2159 897 2193 ob
916 2159 1012 2193 aliud

308 2218 464 2263 superbis
481 2222 668 2263 praecepta
685 2218 755 2252 ista
772 2218 857 2252 data
874 2222 957 2253 sunt
977 2217 1010 2253 ΙΙ

307 2279 362 2318 44,
390 2278 443 2312 24.
472 2277 680 2322 tranquillae
706 2277 883 2312 uoluntati
909 2277 1012 2312 oboe-

307 2336 485 2371 dientibus
503 2336 594 2371 sicut
613 2339 727 2371 cetera
744 2336 901 2371 membra
918 2337 1012 2380 geni·

308 2395 436 2430 talibus
455 2394 488 2430 ΙΙ
505 2396 582 2437 270,
600 2397 651 2430 14.
668 2395 796 2430 diuites
812 2395 1012 2440 baptizatos

307 2475 350 2479 —
368 2465 437 2489 non
455 2454 610 2500 reputari
627 2454 693 2489 illis
714 2454 748 2488 Il
767 2455 820 2496 77,
841 2456 892 2490 14.
913 2455 954 2490 15
972 2472 1006 2483 =

309 2515 362 2555 78,
397 2515 448 2549 17.
483 2514 558 2555 112,
589 2515 621 2549 6.
655 2514 730 2555 120,
763 2515 815 2548 14.
849 2514 924 2555 174,
958 2515 1009 2549 19.

308 2573 616 2609 catechumeni—ei
630 2572 723 2614 1114,
736 2573 766 2608 2.
779 2572 863 2607 illud
879 2584 961 2608 uero
975 2599 1010 2603 -

308 2633 372 2668 hoc
401 2632 449 2668 sit
474 2632 670 2668 inualidum
701 2631 737 2667 ΙΙ
767 2632 842 2673 127,
871 2632 925 2667 24.
956 2632 1009 2667 25.

307 2692 483 2738 quomodo
499 2694 716 2727 res—tamen
732 2701 790 2726 eas
812 2690 826 2725 I
855 2692 929 2732 123,
957 2692 1008 2726 13.

307 2751 426 2786 anima
441 2751 501 2786 illa
518 2778 526 2786 .
542 2778 551 2786 .
567 2778 575 2786 .
593 2751 715 2786 eadem
731 2750 809 2796 ipsa
828 2749 842 2784 1
859 2750 938 2792 365,
957 2750 1008 2786 16.

307 2810 507 2856 baptizatus
516 2809 805 2856 paruulus—nihil
815 2809 847 2845 ei
856 2808 1011 2855 proderit

693 201 757 235 111.
786 200 892 235 Index
919 200 1102 235 uerborum
1127 203 1164 234 et
1187 199 1422 234 elocutionum

1137 317 1151 353 1
1169 318 1222 359 25,
1235 318 1265 352 7.
1278 317 1500 363 quibus—eos
1513 317 1547 353 11
1563 318 1618 359 62,
1634 317 1666 353 6.
1684 318 1843 365 quisquis

1135 377 1165 412 ei
1198 381 1339 412 tenente
1360 377 1429 412 iam
1451 376 1510 412 illo
1534 376 1570 411 11
1605 378 1680 419 103,
1713 378 1746 413 6.
1780 378 1841 414 isti

1135 440 1363 482 autem-pro
1398 436 1448 471 eis
1472 435 1487 471 1
1509 437 1563 478 23,
1601 438 1653 472 11.
1691 447 1839 482 quorum

1135 500 1254 530 autem
1266 496 1314 531 sit
1325 495 1414 531 fides
1425 499 1462 530 et
1473 495 1601 541 quibus
1611 496 1841 541 persuadetur

1138 554 1173 589 II
1192 556 1266 596 134,
1285 555 1338 591 25.
1373 554 1386 589 I
1405 555 1480 597 202,
1500 556 1540 590 10
1556 555 1715 599 apodosis
1738 556 1836 592 deest.

1134 614 1267 660 poterit
1306 625 1378 649 esse
1410 614 1600 660 aliquando
1637 614 1692 650 uel
1729 615 1841 661 possit

1138 673 1153 708 1
1199 674 1252 715 77,
1298 674 1349 709 16.

1091 734 1365 777 ἀναμάρτητος
1392 732 1425 767 ΙΙ
1453 734 1527 774 174,
1554 735 1583 768 1.

1089 791 1284 836 anaphorae
1327 803 1407 826 usus
1449 795 1496 827 est
1536 792 1839 837 frequentissimus:

1135 855 1270 896 quanta
1304 852 1390 893 fide,
1426 855 1561 897 quanta
1595 863 1668 898 spe,
1705 856 1842 898 quanta

1135 911 1281 946 caritate
1306 910 1320 946 1
1341 912 1418 952 311,
1441 912 1494 947 28.
1517 911 1596 957 quis
1617 911 1682 946 hoc
1703 912 1840 954 audiat,

1135 969 1214 1016 quis
1248 970 1350 1012 ferat,
1384 970 1464 1016 quis
1497 971 1567 1006 dici
1598 970 1730 1016 inpune
1764 982 1839 1017 per-

1134 1029 1281 1065 mittat?
1307 1029 1322 1064 I
1343 1031 1420 1071 307,
1443 1030 1495 1065 26.
1518 1030 1547 1065 si
1567 1030 1635 1076 pie,
1656 1030 1686 1065 si
1706 1035 1839 1073 sancte,

1134 1089 1163 1124 si
1189 1089 1394 1135 spiritaliter
1418 1089 1632 1135 intellegitur
1659 1089 1675 1124 I
1702 1091 1778 1132 298,
1807 1093 1837 1126 1.

1134 1148 1214 1194 quis
1243 1159 1313 1183 non
1343 1152 1522 1195 agnoscat,
1553 1149 1631 1195 quis
1660 1159 1730 1184 non
1761 1153 1840 1185 toto

1134 1208 1235 1243 corde
1276 1208 1457 1254 suscipiat,
1498 1208 1577 1254 quis
1617 1208 1718 1244 aliter
1759 1219 1839 1244 con·

1133 1267 1246 1302 ditam
1289 1268 1478 1302 humanam
1520 1271 1623 1314 neget
1664 1279 1736 1303 esse
1778 1279 1837 1303 na-

1134 1326 1276 1362 turam?
1303 1326 1317 1361 I
1340 1328 1416 1368 293,
1437 1329 1470 1362 3.
1493 1327 1565 1362 noli
1586 1338 1667 1373 ergo
1689 1328 1838 1370 credere,

1133 1386 1205 1421 noli
1231 1386 1357 1427 dicere,
1384 1386 1455 1421 noli
1481 1387 1604 1422 docere
1635 1386 1650 1421 1
1676 1387 1753 1428 366,
1784 1388 1835 1422 17.

1133 1446 1193 1481 sed
1232 1446 1327 1480 aliud
1371 1449 1425 1481 est
1454 1446 1597 1487 discere,
1636 1446 1732 1481 aliud
1771 1446 1838 1481 sibi

1133 1505 1244 1540 uideri
1277 1505 1439 1540 didicisse
1477 1505 1491 1540 1
1525 1506 1602 1547 344,
1640 1506 1691 1540 17.
1727 1506 1838 1547 abice,

1134 1565 1253 1606 frater,
1289 1565 1399 1606 abice,
1435 1564 1577 1600 obsecro
1617 1564 1631 1599 Ι
1667 1566 1745 1606 340,
1784 1566 1835 1600 15.

1131 1624 1219 1659 fides
1259 1624 1437 1670 sanguinis
1475 1624 1561 1665 eius,
1600 1624 1688 1659 fides
1728 1625 1840 1659 crucis

1132 1684 1218 1725 eius,
1246 1683 1335 1719 fides
1363 1683 1487 1718 mortis
1515 1688 1550 1718 et
1579 1683 1839 1719 resurrectionis

1132 1743 1205 1778 eius
1228 1742 1242 1777 I
1263 1744 1339 1784 271,
1361 1744 1391 1778 7.
1413 1743 1472 1778 sed
1492 1742 1616 1778 adiuta.
1634 1743 1748 1788 gratia
1768 1743 1837 1785 dei,

1131 1802 1254 1837 adiuta
1288 1802 1414 1848 spiritu
1448 1802 1517 1843 dei,
1549 1802 1672 1837 adiuta
1705 1803 1837 1838 miseri·

1133 1861 1250 1897 cordia
1273 1861 1329 1896 dei
1357 1861 1370 1896 I
1396 1862 1472 1903 252,
1497 1862 1529 1896 8.
1555 1862 1606 1896 ita
1630 1861 1836 1907 languescit,

1132 1921 1184 1956 ita
1208 1949 1215 1956 .
1232 1948 1240 1956 .
1257 1948 1264 1956 .
1290 1921 1534 1966 corrumpitur,
1557 1913 1609 1955 ita
1632 1921 1835 1956 exhauritur

1132 1980 1278 2021 uiribus,
1310 1980 1362 2015 ita
1394 1980 1599 2016 lassitudine
1631 1980 1837 2015 debilitatur

1132 2044 1169 2074 et
1203 2039 1376 2086 frangitur
1413 2039 1428 2074 Ι
1464 2040 1540 2081 248,
1576 2042 1608 2075 4.
1645 2039 1836 2085 aliquando

1132 2099 1270 2140 flatum,
1317 2098 1505 2144 aliquando
1551 2098 1726 2144 spiritum,
1773 2099 1835 2133 ali-

1131 2158 1273 2204 quando
1313 2158 1562 2204 aspirationem
1606 2158 1621 2192 1
1660 2158 1737 2199 319,
1780 2158 1833 2194 18.

1130 2220 1171 2252 ut
1188 2218 1226 2252 in
1245 2217 1304 2252 illo
1324 2217 1411 2259 uiui,
1443 2221 1484 2252 ut
1503 2217 1605 2259 salui,
1625 2220 1665 2252 ut
1683 2217 1836 2258 liberati,

1130 2280 1172 2312 ut
1197 2277 1381 2322 redempti,
1406 2280 1447 2311 ut
1470 2276 1674 2311 inluminati
1698 2276 1790 2311 fiant
1817 2275 1833 2311 1

1130 2337 1185 2378 38,
1217 2337 1268 2372 12.
1300 2339 1433 2381 quanto
1463 2340 1515 2371 est
1543 2335 1669 2377 maius,
1698 2339 1833 2381 quanto

1130 2395 1269 2437 fortius,
1301 2398 1434 2440 quanto
1465 2394 1675 2430 laudabilius
1709 2394 1723 2429 I
1758 2395 1834 2436 120,

1130 2455 1189 2496 28;
1206 2456 1250 2498 cs.
1270 2454 1285 2489 1
1304 2455 1356 2496 12,
1375 2455 1428 2490 10.
1448 2455 1523 2496 127,
1540 2455 1571 2489 2.
1589 2455 1621 2490 3.
1640 2454 1716 2495 139,
1733 2454 1831 2490 1—3.

1131 2514 1206 2555 164,
1225 2514 1278 2549 10.
1299 2515 1351 2549 11.
1371 2515 1423 2549 14.
1444 2514 1496 2549 17.
1516 2514 1591 2554 191,
1611 2513 1663 2548 17.
1684 2513 1736 2548 18.
1754 2513 1832 2554 201,

1131 2575 1183 2608 11.
1209 2574 1286 2615 214,
1312 2573 1453 2608 13-16.
1479 2573 1556 2614 219,
1580 2572 1612 2608 8.
1638 2572 1670 2607 9.
1697 2572 1750 2608 10.
1778 2573 1830 2607 11.

1130 2633 1206 2674 229,
1234 2632 1266 2667 6.
1296 2632 1372 2674 257,
1402 2632 1454 2667 17.
1482 2632 1560 2673 342,
1587 2631 1642 2667 25.
1669 2631 1748 2673 343,
1775 2631 1831 2666 21.

1128 2691 1206 2733 351,
1229 2691 1262 2726 5.
1275 2691 1353 2733 369,
1369 2690 1510 2727 11—15.
1523 2690 1601 2732 389,
1614 2691 1647 2726 3.
1660 2691 1692 2726 4.
1706 2690 1784 2731 416,
1796 2689 1830 2725 5.

1131 2749 1167 2785 II
1191 2750 1223 2792 8,
1249 2751 1280 2786 2.
1307 2750 1361 2792 10,
1385 2750 1438 2786 20.
1463 2750 1517 2785 21.
1542 2750 1598 2792 74,
1623 2749 1665 2785 15
1688 2751 1745 2784 eet.

1084 2809 1274 2845 anathema
1299 2808 1412 2844 dicere
1442 2808 1457 2844 1
1484 2808 1562 2851 458,
1589 2809 1642 2844 23.
1669 2807 1749 2850 460,
1775 2807 1829 2843 23.
