2002 3256
37 2775 72 2818 L

731 295 1036 332 Praefatio.
1546 282 1674 326 XVII

97 411 290 469 quamuis
316 414 508 466 corrupte
534 409 694 452 tradita
718 408 881 451 intacta
906 406 1162 462 reliquerint.
1205 419 1339 461 neque
1365 409 1506 447 tamen
1535 405 1676 447 omnia

97 483 235 521 errata
260 478 464 533 detegere,
492 476 564 518 sed
590 474 886 518 tantummodo
912 472 1158 529 grauissima
1185 484 1375 527 quaeque
1402 471 1675 526 perstringere

97 549 139 586 et
163 556 308 586 causas
330 541 660 598 corruptelarum
678 540 887 595 inquirere
906 538 948 581 in
969 538 1108 581 animo
1130 542 1206 579 est.
1233 537 1304 593 qui
1326 537 1479 579 codicis
1501 536 1678 592 scriptu-

97 623 163 653 ras
190 608 507 659 examinaucrit‚
537 606 652 650 nullo
682 606 786 649 uitio
817 604 948 660 magis
976 617 1104 660 quam
1133 602 1391 658 singularum
1421 601 1676 658 syllabarum

96 675 386 718 litterarumue
432 673 653 716 omissione
698 671 858 714 foedari
902 669 1108 721 inueniet3
1155 669 1287 712 rarius
1332 673 1426 711 tota
1472 667 1678 712 uocabula

97 741 412 791 interciderunt,
446 739 498 782 cf.
522 739 614 789 425,
641 739 702 781 16.
728 739 820 789 432,
845 738 881 780 8.
907 737 1000 788 444,
1025 736 1086 779 10.
1120 735 1199 778 517
1208 773 1210 777 ,
1237 735 1274 779 9.
1307 735 1399 785 530,
1426 735 1461 777 7.
1495 734 1586 785 535,
1611 735 1674 776 20.

97 806 189 858 537,
213 807 273 850 16.
295 807 387 857 548,
409 806 444 848 7.
466 805 558 856 550,
582 805 631 847 12
650 802 702 846 al.
739 803 813 846 sed
832 802 962 846 etiam
980 806 1097 844 totae
1117 800 1351 843 sentcntiae
1371 800 1676 850 desiderantur,

99 885 278 928 quarum
297 871 403 915 aliae
422 871 483 914 ita
503 874 602 914 sunt
623 873 903 925 comparatae,
925 871 974 911 ut
994 866 1161 910 omissio
1182 866 1444 909 aberratione
1465 865 1678 908 oculorum

97 938 251 982 librum
272 937 490 980 scribentis
511 935 633 979 facile
654 934 885 990 explicetur
904 933 974 989 (cf.
993 934 1084 985 437,
1102 934 1138 976 6.
1163 933 1255 983 438,
1274 933 1335 976 15.
1359 932 1451 982 439,
1468 932 1505 975 5.
1529 931 1621 982 455,
1639 932 1675 973 5.

99 1005 190 1055 463,
215 1004 252 1046 8.
277 1003 370 1054 500,
397 1004 458 1046 14.
483 1002 575 1053 510,
600 1003 637 1045 2.
663 1002 755 1052 512,
782 1002 832 1043 14
855 999 941 1056 al.),
966 998 1073 1042 aliae
1096 998 1227 1041 talem
1250 996 1572 1054 explicationem
1595 1010 1679 1039 non

99 1069 350 1112 admittant:
382 1069 474 1119 504,
508 1068 569 1111 19.
602 1068 693 1118 506,
728 1067 789 1110 12.
822 1066 914 1117 509,
948 1066 1009 1109 10.
1042 1065 1134 1116 557,
1166 1065 1217 1107 27
1249 1063 1302 1106 al.
1349 1064 1431 1106 huc
1462 1063 1590 1105 etiam
1619 1061 1679 1104 illi

99 1149 254 1178 errores
290 1134 497 1177 referendi
533 1137 644 1185 sunt,
684 1132 755 1188 qui
793 1145 845 1174 ex
881 1131 1098 1187 archetypi
1137 1130 1343 1185 scriptura
1381 1128 1680 1172 uocabulorum

100 1201 300 1244 continua
324 1200 402 1243 orti
429 1199 580 1242 litteris
604 1203 717 1241 recte
742 1197 961 1253 diremptis
986 1201 1029 1239 et
1054 1195 1286 1238 coniunctis
1311 1194 1433 1238 facile
1458 1199 1679 1239 sanantur:

99 1268 190 1318 452,
212 1267 249 1309 8.
273 1267 334 1310 19.
356 1266 447 1317 465,
468 1267 532 1309 22.
554 1266 646 1316 468,
668 1265 729 1308 16.
761 1264 852 1315 497,
874 1264 910 1306 8.
932 1263 1024 1314 512,
1047 1263 1081 1305 7.
1103 1262 1195 1313 543,
1219 1262 1281 1304 14.
1302 1261 1394 1313 550,
1416 1262 1478 1304 25.
1501 1261 1592 1311 552,
1617 1262 1678 1303 14.

99 1333 190 1384 561,
225 1333 285 1376 17.
317 1332 410 1384 570,
443 1333 479 1375 1.
526 1331 624 1374 huic
652 1330 792 1387 generi
822 1329 974 1372 similia
1003 1328 1110 1371 uitia
1138 1328 1236 1370 inde
1266 1326 1600 1383 proficiscuntur,
1633 1330 1681 1369 ut

101 1398 351 1441 antecedens
386 1396 455 1441 uel
489 1409 744 1452 consequens
781 1395 1037 1438 attributum
1073 1394 1186 1449 quod
1221 1393 1376 1436 dicitur
1410 1392 1682 1448 grammatice

102 1463 368 1520 praecedenti
398 1462 465 1506 uel
494 1461 766 1517 subsequenti
793 1460 953 1504 nomini
982 1459 1341 1503 accommodetur:
1371 1459 1463 1509 471,
1496 1458 1557 1500 15.
1589 1459 1680 1507 497,

103 1531 167 1574 18.
186 1530 279 1581 510,
301 1530 363 1572 14.
384 1529 477 1580 521,
497 1529 535 1572 3.
556 1529 648 1579 552,
669 1528 705 1570 6.
742 1526 858 1570 aliud
877 1539 1008 1582 genus
1026 1525 1126 1568 inde
1146 1529 1296 1568 natum
1315 1528 1392 1575 est,
1413 1527 1462 1567 ut
1481 1523 1624 1566 littera
1643 1536 1684 1565 m

102 1594 323 1651 parasitice
341 1594 569 1638 adderetur
587 1593 704 1637 uelut
724 1594 815 1644 431,
838 1593 875 1635 7.
896 1593 988 1643 474,
1011 1592 1073 1634 12.
1094 1591 1186 1642 521,
1208 1591 1271 1633 22.
1293 1590 1385 1642 548,
1405 1589 1444 1633 5.
1479 1588 1682 1632 latissime

102 1665 246 1704 autem
268 1664 418 1716 patent
441 1672 597 1702 errores
621 1658 931 1715 permutatione
955 1662 997 1700 ct
1022 1656 1263 1700 confusione
1288 1655 1496 1699 uocalium
1521 1660 1562 1697 et
1587 1667 1682 1697 con-

103 1739 299 1770 sonarum
333 1726 435 1769 nati.
486 1730 615 1781 atque
651 1724 859 1768 uocalium
893 1723 1133 1780 saepissime
1168 1726 1483 1764 commutantur
1516 1734 1536 1762 e
1570 1726 1612 1762 et
1646 1721 1681 1761 z':

103 1793 345 1847 turpessima
377 1791 573 1834 delueidis
608 1791 808 1833 antestites
842 1789 1081 1844 qenetalium
1116 1788 1296 1842 displicet
1331 1787 1445 1829 hubis
1480 1785 1683 1828 discendat

102 1858 270 1912 diffinire
287 1857 362 1909 al.;
380 1872 410 1900 u.
426 1861 468 1900 et
485 1870 527 1899 o:
545 1869 695 1912 qressos
711 1860 847 1898 natore
865 1854 1054 1898 laudatur
1070 1855 1168 1910 (or);
1191 1866 1236 1895 ae
1253 1858 1295 1896 et
1313 1866 1352 1895 e:
1377 1852 1505 1907 fidaei
1528 1853 1684 1906 speciae

103 1924 297 1982 em'qmateg
329 1923 552 1978 preferatur
583 1922 636 1966 al.
671 1934 949 1965 consonarum
980 1920 1006 1962 d
1039 1924 1082 1963 et
1114 1923 1129 1962 t
1161 1918 1496 1962 confunduntur:
1539 1917 1684 1971 inquid

104 1989 254 2032 ueniad
271 1988 421 2044 cupiad
439 1993 538 2043 aput
557 1988 701 2042 aliquit
719 1987 770 2030 al.
807 1986 1006 2043 aspiratio
1025 1985 1258 2042 neglegitur
1276 1990 1351 2028 aut
1370 1988 1516 2027 contra
1534 1984 1684 2025 tritum

105 2067 227 2098 usum
256 2055 446 2111 ponitur:
478 2054 707 2109 hapostolus
737 2052 916 2095 haeretico
946 2052 1052 2095 trait.
1098 2064 1129 2094 u
1158 2064 1254 2093 cum
1285 2050 1306 2092 b
1337 2054 1603 2106 permutatur
1640 2049 1683 2090 in

106 2120 290 2176 perfecto
310 2124 353 2164 et
371 2120 514 2163 futuro
535 2119 770 2163 uerborum.
807 2131 1013 2161 consonae
1034 2117 1303 2173 duplicantur
1320 2116 1363 2158 in
1384 2116 1508 2166 uellit,
1530 2114 1686 2157 cottidie

106 2190 148 2229 et
168 2178 309 2229 cotidie
327 2185 552 2229 fluctuant.
589 2184 947 2241 praepositionum
968 2187 1166 2226 excuntes
1187 2186 1463 2225 consonantes
1483 2181 1526 2223 in
1547 2180 1685 2223 uerbis

106 2250 346 2308 compositis
364 2251 528 2307 saepius
546 2264 628 2294 non
648 2249 944 2294 assimilantur.
980 2249 1160 2305 denique
1179 2249 1312 2291 codex
1327 2247 1526 2290 lectiones
1546 2246 1684 2296 offert,

107 2330 284 2372 quarum
318 2316 577 2372 corruptelae
610 2316 748 2359 minus
780 2316 982 2371 liqueant,
1016 2329 1049 2357 e.
1085 2327 1143 2370 gr.
1179 2315 1271 2365 450,
1300 2315 1338 2356 2.
1373 2314 1465 2362 451,
1498 2314 1559 2355 10.
1592 2312 1684 2362 458,

107 2384 171 2426 21.
193 2384 284 2434 469,
307 2385 369 2426 11.
391 2383 484 2434 474,
507 2382 568 2426 18.
590 2382 683 2433 506,
706 2382 768 2424 18.
790 2382 882 2432 526,
904 2382 941 2423 6.
963 2380 1055 2431 556,
1078 2382 1114 2423 7.
1136 2380 1229 2431 557,
1250 2380 1287 2422 5.
1329 2378 1510 2422 contulit
1531 2378 1682 2432 Zycha.

208 2448 351 2491 Codex
371 2449 401 2491 C
419 2447 514 2491 olo
530 2461 558 2490 n
574 2447 588 2489 i
606 2460 627 2489 e
644 2461 669 2489 n
689 2447 773 2490 sis
799 2461 839 2490 n.
859 2446 1027 2488 LXXX
1049 2446 1105 2502 (D
1123 2459 1148 2488 a
1164 2459 1184 2487 r
1201 2458 1243 2487 m
1260 2459 1278 2487 s
1295 2450 1326 2487 t.
1351 2444 1474 2499 2081)
1497 2443 1686 2497 signatus

107 2513 281 2557 membr.
303 2514 418 2556 misc.
440 2513 484 2556 in
506 2511 552 2557 40
571 2512 658 2556 foll.
683 2514 761 2556 148
782 2526 888 2556 saec.
914 2512 979 2555 IX
1001 2516 1197 2555 exaratus
1218 2511 1372 2554 librum
1395 2510 1576 2565 primum
1599 2507 1684 2551 foll.

107 2573 314 2623 44¹³—621’
335 2579 516 2623 exhibet.
551 2577 715 2622 libellus
735 2579 790 2622 ab
810 2591 894 2621 uno
913 2577 1084 2621 librario
1104 2577 1362 2632 conscriptus
1382 2575 1436 2618 ab
1458 2575 1687 2629 eodemque

107 2644 289 2688 multum
318 2649 528 2688 correctus
559 2648 635 2687 est.
685 2648 901 2700 praeterea
931 2655 1080 2687 manus
1108 2642 1280 2686 alterius
1309 2654 1340 2684 s.
1371 2640 1414 2683 X
1442 2639 1687 2695 castigantis

108 2710 287 2767 uestigia
313 2710 696 2766 deprehenduntur.
740 2708 922 2753 contulit
949 2708 1076 2752 Vrba.

214 2775 251 2818 E
288 2775 414 2819 simili
449 2775 568 2819 fonte
604 2775 781 2819 haustus
819 2778 882 2818 est
920 2775 1053 2818 codex
1091 2773 1126 2816 Ο
1144 2786 1172 2815 x
1189 2786 1212 2816 o
1229 2771 1325 2816 nie
1341 2786 1369 2814 n
1387 2771 1471 2814 sis
1508 2770 1542 2812 L
1559 2783 1584 2812 a
1601 2783 1627 2812 u
1645 2770 1685 2811 d.

110 2840 216 2884 Mis
232 2854 269 2884 c.
298 2842 376 2885 133
402 2840 576 2884 membr.
605 2853 713 2884 saec.
743 2840 810 2884 IX
836 2853 888 2883 ex
915 2841 1145 2895 archetypo
1171 2837 1323 2881 litteris
1350 2834 1689 2880 semiuncialibus

109 2906 299 2950 confecto
332 2906 565 2962 descriptus
599 2905 685 2949 toll.
720 2906 880 2949 22-—33
912 2905 1067 2949 librum
1099 2904 1282 2961 primum
1315 2902 1517 2959 praebens
1550 2899 1613 2943 ita
1645 2899 1687 2941 in

182 2989 246 3019 Lx.
265 2989 390 3026 Anum.
408 2989 484 3018 vm
505 2998 570 3025 pu·-
590 2991 619 3020 1.
639 2989 719 3020 vnn
738 2991 768 3018 et
788 2989 895 3025 zyeht.
1590 2983 1614 3019 b
