2028 3204
285 215 364 257 51ss
652 222 691 257 V.
726 223 854 259 Contra
890 221 978 256 duas
1009 219 1178 266 epistulas
1211 219 1476 265 pelagianorum

392 350 509 392 VIII.
539 351 601 391 24.
634 349 734 390 Cum
765 346 889 402 igitur
917 345 1126 401 Pelagiani
1156 345 1217 388 his
1250 350 1376 400 atque
1405 343 1637 387 huiusmodi
1666 344 1852 387 ueritatis

283 415 531 459 testimoniis
565 419 606 455 et
642 413 814 455 uocibus
846 416 1055 466 urgentur,
1082 424 1131 452 ne
1156 416 1305 465 negent
1328 410 1522 466 originale
1546 415 1776 466 peecatum,
1800 423 1850 452 ne

285 481 460 536 gratiam
496 479 574 530 dei,
612 491 693 533 qua
727 477 1013 527 iustificamur,
1049 489 1132 518 non
1166 476 1306 531 gratis,
1344 476 1415 518 sed
1449 476 1674 518 seeundum
1707 475 1854 518 merita

284 551 425 588 nostra
449 545 535 586 dari
561 544 714 594 dicant,
744 556 795 585 ne
820 542 862 584 in
886 542 1050 584 homine
1074 541 1239 583 mortali
1265 541 1492 597 quamlibet
1516 546 1659 583 saneto
1683 546 1725 583 et
1750 541 1853 583 bene

283 616 428 663 agente
453 615 616 651 tantam
640 609 780 650 dicant
806 621 891 650 esse
916 607 1132 658 iustitiam,
1155 612 1203 649 ut
1228 606 1264 649 ei
1288 620 1371 649 non
1396 606 1449 649 sit
1475 606 1702 649 necessaria
1726 606 1851 648 etiam

283 682 376 731 post
398 674 715 730 regenerationis
734 674 957 723 lauaorum,
979 673 1108 715 donec
1127 672 1251 714 istam
1271 672 1403 715 uitam
1420 672 1555 723 finiat,
1568 671 1750 714 remissio
1762 685 1853 727 pee-

283 747 485 791 catorum,
499 754 591 796 ergo
605 753 697 782 eum
713 744 925 794 urgentur,
939 752 990 780 ne
1001 738 1082 780 ista
1093 737 1175 780 tria
1185 738 1325 780 dicant
1337 743 1379 780 et
1390 751 1463 793 per
1473 738 1575 780 haee
1586 737 1770 779 homines
1783 737 1854 792 qui

284 807 340 849 eis
357 807 528 849 credunt
545 820 570 848 a
588 805 722 860 gratia
738 804 953 847 saluatoris
976 803 1155 846 alienent
1175 810 1215 845 et
1236 804 1363 846 elatos
1381 803 1423 845 in
1440 803 1675 858 superbiam
1691 802 1734 844 in
1750 802 1854 845 iudi-

285 873 392 915 cium
417 871 568 914 diaboli
592 870 834 925 praecipites
857 869 913 911 ire
936 869 1224 925 persuadeant,
1248 869 1467 911 inmittunt
1490 868 1663 911 aliarum
1684 868 1852 911 nebulas

285 938 587 993 quaestionum,
611 937 653 977 in
679 936 827 991 quibus
854 949 994 977 eorum
1019 935 1131 990 apud
1156 935 1340 977 homines
1368 934 1632 989 simpliciores
1659 934 1744 976 siue
1770 939 1853 976 tar-

284 1004 419 1045 diores
447 1003 532 1044 siue
561 1002 712 1044 sanetis
742 1001 887 1043 litteris
916 1001 1051 1043 minus
1088 1000 1268 1043 eruditos
1307 1000 1482 1055 inpietas
1523 999 1738 1042 delitiseat.
1778 999 1854 1042 hae

283 1073 381 1110 sunt
402 1068 574 1110 nebulae
595 1068 659 1109 ‘de
680 1067 800 1109 laude
821 1071 1043 1117 creaturae,
1056 1066 1178 1108 laude
1197 1066 1451 1121 nuptiarum,
1464 1065 1585 1107 laude
1604 1065 1714 1120 legis,
1734 1065 1855 1107 laude

283 1134 399 1175 liberi
429 1133 602 1184 arbitrii,
632 1133 753 1175 laude
782 1134 1046 1184 sanetorum‘,
1077 1131 1194 1187 quasi
1225 1131 1442 1187 quisquam
1471 1136 1659 1173 nostrum
1686 1130 1767 1172 ista
1796 1130 1856 1172 ui-

284 1204 449 1254 tuperet
466 1212 513 1241 ac
530 1212 611 1240 non
629 1198 766 1253 potius
782 1198 922 1240 omnia
937 1198 979 1239 in
994 1198 1191 1239 honorem
1207 1197 1398 1239 creatoris
1417 1202 1458 1238 et
1474 1196 1689 1239 saluatoris
1706 1196 1854 1238 debitis

284 1265 473 1307 laudibus
488 1264 707 1319 praedicet.
722 1264 793 1305 sed
808 1277 940 1318 neque
953 1267 1141 1305 ereatura
1155 1263 1215 1306 ita
1231 1263 1322 1305 uult
1338 1262 1510 1313 laudari,
1523 1266 1571 1304 ut
1586 1261 1689 1304 nolit
1704 1261 1853 1312 sanari,

285 1336 326 1372 et
348 1330 519 1385 nuptiae
541 1335 696 1385 quanto
717 1329 845 1385 magis
868 1329 1097 1371 laudandae
1119 1334 1229 1378 sunt,
1255 1333 1373 1371 tanto
1393 1328 1527 1370 minus
1548 1327 1604 1370 eis
1624 1327 1857 1382 inputanda

286 1402 347 1438 est
378 1396 570 1450 pudenda
607 1395 738 1437 earnis
776 1394 1119 1449 concupiscentia,
1159 1407 1263 1449 quae
1291 1407 1374 1435 non
1403 1399 1463 1436 est
1493 1407 1517 1435 a
1545 1398 1676 1448 patre,
1707 1393 1778 1434 sed
1805 1406 1856 1434 ex

286 1462 442 1503 mundo
470 1466 543 1503 est.
588 1475 713 1516 quam
747 1461 932 1516 profecto
959 1460 1206 1502 inuenerunt
1233 1459 1275 1501 in
1301 1459 1535 1501 hominibus
1562 1458 1746 1514 nuptiae,
1775 1471 1857 1500 non

287 1527 486 1577 fecerunt,
506 1526 603 1582 quia
624 1531 664 1567 et
686 1526 757 1568 illa
771 1526 814 1567 in
834 1525 1020 1581 plurimis
1044 1525 1129 1567 sine
1151 1524 1250 1580 ipsis
1271 1530 1333 1566 est
1356 1530 1397 1566 et
1420 1525 1544 1580 ipsae,
1569 1523 1603 1566 si
1624 1537 1742 1565 nemo
1764 1536 1856 1578 pee-

286 1597 433 1643 nasset,
464 1592 547 1634 sine
575 1592 646 1634 illa
671 1605 757 1634 esse
776 1595 1014 1647 potuerunt.
1044 1595 1086 1633 et
1113 1590 1178 1632 lex
1204 1595 1348 1632 saneta
1373 1595 1415 1632 et
1441 1590 1552 1632 iusta
1579 1594 1620 1631 et
1647 1590 1757 1631 bona
1782 1601 1857 1631 neo

288 1658 377 1712 ipsa
394 1663 455 1699 est
477 1657 611 1712 gratia
627 1663 667 1699 et
690 1657 791 1699 nihil
811 1671 863 1699 ex
883 1670 932 1699 ea
953 1660 1062 1698 recte
1085 1656 1136 1698 fit
1159 1656 1244 1698 sine
1266 1655 1411 1711 gratia,
1435 1655 1533 1711 quia
1554 1668 1636 1697 non
1659 1659 1722 1697 est
1742 1654 1854 1705 data,

287 1737 391 1778 quae
412 1728 551 1778 posset
573 1723 798 1774 uiuifieare,
821 1723 892 1765 sed
912 1721 1273 1778 praeuaricationis
1296 1734 1419 1763 eausa
1440 1721 1575 1776 posita
1596 1725 1671 1771 est,
1693 1725 1741 1762 ut
1762 1733 1856 1762 oon-

288 1789 420 1830 uictos
455 1788 715 1830 concluderet
747 1789 823 1830 sub
856 1792 1026 1843 peecato
1060 1792 1103 1829 et
1134 1786 1348 1842 promissio
1381 1800 1432 1828 ex
1465 1786 1548 1828 fide
1583 1786 1675 1828 Iesu
1708 1784 1857 1828 Christi

289 1854 457 1896 daretur
485 1854 757 1896 credentibus,
788 1858 830 1896 et
857 1853 1032 1895 liberum
1058 1852 1274 1895 arbitrium
1301 1851 1562 1907 captiuatum
1589 1864 1672 1893 non
1699 1850 1777 1893 nisi
1803 1851 1857 1893 ad

287 1925 505 1974 peecatum
548 1920 673 1970 ualet,
709 1920 764 1961 ad
800 1918 1004 1961 iustitiam
1038 1931 1136 1960 uero
1172 1917 1249 1959 nisi
1295 1917 1493 1959 diuinitus
1530 1917 1750 1959 liberatum
1783 1916 1855 1958 ad-

287 1984 504 2040 iutumque
521 1998 603 2026 non
623 1985 746 2027 ualet.
769 1999 816 2026 ae
836 1997 908 2040 per
927 1985 1005 2026 hoe
1026 1989 1067 2026 et
1088 1983 1220 2026 sancti
1240 1996 1394 2033 omnes,
1417 1982 1502 2024 siue
1522 1983 1575 2024 ab
1595 1982 1664 2024 illo
1683 1981 1856 2036 antiquo

287 2050 392 2093 Abel
422 2064 550 2105 usque
579 2051 633 2092 ad
665 2051 891 2092 Iohannem
917 2049 1154 2105 Baptistam
1183 2049 1268 2091 siue
1297 2049 1350 2091 ab
1377 2048 1474 2103 ipsis
1504 2046 1699 2103 apostolis
1729 2060 1857 2102 usque

393 2237 414 2271 3
431 2236 473 2270 cf.
493 2237 595 2272 Rom.
614 2235 647 2276 3,
664 2235 706 2270 24
787 2236 828 2270 12
846 2234 1026 2280 Pelagiani
1105 2234 1147 2268 17
1164 2232 1206 2267 ef.
1228 2233 1244 2267 I
1262 2231 1336 2268 Ioh.
1355 2232 1386 2274 2,
1404 2231 1445 2267 16
1523 2231 1565 2266 20
1579 2230 1622 2266 οἱ.
1642 2230 1744 2267 Rom.
1763 2231 1792 2273 7,
1814 2230 1854 2265 12

290 2296 330 2331 21
352 2295 394 2330 cf.
415 2295 492 2331 Gal.
511 2296 543 2337 3,
561 2295 614 2330 21.
634 2294 685 2329 19.
706 2295 746 2329 22
1175 2294 1180 2298 ·

397 2408 417 2443 2
432 2408 724 2453 urgeanturOBC
740 2412 957 2453 urgueantur
967 2406 998 2442 V
1048 2405 1250 2451 ne-gratis
1263 2403 1315 2440 ελ.
1326 2405 1409 2440 01111
1470 2405 1491 2439 5
1506 2403 1578 2439 sint
1589 2403 1618 2439 Ο
1678 2404 1700 2439 6
1715 2412 1855 2448 regene-

291 2466 453 2513 rationis]
479 2467 743 2503 resurrectionis
762 2466 853 2502 CEF
919 2468 938 2501 7
965 2476 1045 2512 ergo
1071 2475 1151 2502 cum
1176 2463 1360 2511 urgentur]
1384 2463 1468 2510 quia
1495 2474 1575 2509 ergo
1592 2462 1792 2505 OBCEFV,
1811 2462 1852 2506 cl.

290 2526 354 2563 lin.
373 2528 404 2563 1.
421 2526 442 2561 2
511 2537 554 2561 ne
570 2525 653 2562 s.l.0
726 2527 746 2561 8
763 2525 936 2561 sanatoris
949 2527 1031 2561 Oml
1093 2525 1274 2560 heleuatos
1289 2523 1318 2559 C
1385 2524 1407 2559 9
1421 2520 1586 2567 aliarum]
1601 2522 1677 2557 add.
1695 2531 1811 2557 rerum
1822 2521 1855 2556 D

292 2589 332 2623 11
351 2586 598 2623 delitiscantV
616 2584 801 2622 deliteseat
812 2584 1013 2620 BCDEde
1086 2584 1204 2620 hae-O
1219 2584 1304 2619 haec
1322 2583 1350 2619 Ο
1423 2583 1466 2618 13
1480 2581 1596 2618 liberii
1609 2582 1638 2618 O
1711 2580 1813 2627 quasi
1825 2581 1855 2616 0

291 2646 336 2692 (si
350 2645 404 2682 al.
414 2645 487 2691 m2)
531 2645 583 2681 ita
593 2645 622 2681 C'
668 2645 839 2690 istuperet
851 2645 938 2679 Dm]
998 2644 1039 2679 15
1055 2643 1110 2690 ut]
1127 2642 1253 2680 etOml
1310 2642 1415 2688 nolit]
1426 2640 1636 2688 gaudeus-D
1683 2641 1725 2676 17
1735 2639 1855 2685 conpi-

291 2705 471 2742 scentiaD
527 2706 570 2742 18
585 2705 622 2740 in
637 2703 736 2740 om.V
790 2704 832 2739 19
847 2703 942 2749 ipsae
959 2702 1001 2749 si]
1020 2703 1095 2749 ipsa
1112 2708 1130 2739 e
1146 2703 1177 2737 V
1190 2699 1301 2749 ipsiD
1351 2702 1394 2738 20
1410 2700 1484 2747 illa]
1501 2699 1615 2736 ullaV
1666 2702 1702 2735 et
1717 2699 1854 2736 bona—

290 2765 407 2811 gratia
425 2776 489 2801 om.
501 2763 565 2800 EF
651 2765 691 2800 21
714 2763 889 2799 *ussusto
904 2763 954 2797 nil
970 2762 1001 2796 B
1091 2762 1134 2797 22
1155 2761 1306 2808 possitV
1396 2760 1600 2803 conuinctos
1613 2759 1644 2795 D
1712 2758 1756 2795 23
1774 2768 1856 2794 con-

291 2824 474 2860 clauderet
484 2824 513 2860 Ο
570 2822 620 2870 et]
637 2824 695 2859 lex
706 2823 735 2859 Ο
795 2833 840 2858 ex
853 2822 981 2858 om.OB
1042 2821 1129 2856 fidei
1145 2821 1175 2855 B

1884 946 1922 975 10

1884 1272 1922 1302 15

1883 1599 1925 1629 2⁰

1883 1927 1924 1957 25
