2028 3204
699 218 829 256 libor'l
862 220 916 261 15,
949 219 1094 261 25—16,
1126 219 1168 255 26
1635 209 1717 251 325

146 362 301 393 nouam
356 347 571 391 creauerit.
635 346 763 390 sciam
821 345 950 389 etiam
1007 359 1094 402 eg0‚
1144 346 1177 387 si
1212 346 1299 401 ipsc
1343 346 1545 397 docuerit,
1595 359 1726 402 quan-

147 416 381 471 documque
414 413 612 464 uoluerit;
660 425 771 455 nunc
804 417 946 454 autem
979 412 1115 454 nescio
1149 425 1223 454 nec
1256 425 1321 455 mo
1354 412 1485 468 pudet
1518 417 1566 454 ut
1599 412 1726 455 istum

147 481 269 525 fateri
300 479 455 523 nescire
488 479 599 535 quod
632 477 782 521 nescio.

234 547 350 589 XVI.
403 546 466 589 26.
544 544 677 595 Disce,
727 543 878 599 inquit,
942 556 1025 586 ecee
1100 544 1307 598 apostolus
1369 544 1489 586 docet.
1569 544 1725 586 discam

155 613 290 669 plane,
339 612 371 654 si
420 610 632 667 apostolus
710 610 834 652 docet
894 635 946 639 —
1014 622 1098 652 non
1159 610 1269 652 enim
1332 609 1410 651 nisi
1489 610 1590 652 deus
1655 624 1725 665 pei*

146 678 382 735 apostolum
408 678 531 720 docet
558 702 620 726 —‚
655 676 726 718 sed
756 675 855 731 quid
888 680 951 718 est
978 675 1151 718 tandem
1184 675 1296 730 quod
1328 675 1452 718 docet
1485 675 1724 731 apostolus?

145 757 237 792 ecce,
273 743 422 800 inquit,
457 756 548 785 cnm
575 741 889 785 Atheniensibus
922 742 1152 796 loqueretur,
1187 741 1258 783 hoc
1288 745 1513 784 constanter
1539 742 1728 796 esposuit

144 810 303 853 dicens:
345 809 634 863 cumipse
673 807 760 850 det
801 807 1075 850 omnibus
1116 808 1306 850 uitam
1337 811 1382 850 et
1412 807 1725 862 spiritum.

147 876 237 932 quis
271 877 380 918 enim
420 875 498 917 hoc
529 873 687 930 negat?
735 873 803 916 sed
843 872 1033 929 intelleqe,
1082 873 1231 929 inquit,
1281 873 1385 928 qnod
1417 873 1475 915 ait
1507 873 1725 928 apostolus.

148 942 266 992 ‘det‘‚
288 941 432 996 inquit,
459 954 542 983 non
566 939 696 982 ‘dedit‘
723 939 776 982 ad
796 939 1013 993 infinitum
1037 943 1071 981 et
1103 939 1194 994 iuye
1217 944 1373 993 tempus
1404 952 1610 989 reuocans:
1645 952 1728 981 non

145 1008 192 1050 de
222 1007 432 1062 praeterito
463 1011 498 1049 et
529 1006 696 1061 perlecto
728 1005 1014 1060 pronuntians.
1063 1010 1098 1047 et
1129 1005 1232 1060 quod
1269 1006 1358 1048 sine
1396 1005 1614 1048 cessatione
1645 1005 1724 1050 dat.

144 1086 297 1128 semper
343 1073 422 1123 dat,
470 1072 575 1114 sieut
619 1083 773 1125 semper
819 1075 875 1113 est
921 1071 1008 1126 ipse
1054 1071 1124 1126 qut
1171 1071 1251 1114 dat.
1312 1071 1440 1114 uerba
1472 1072 1558 1114 eius
1591 1071 1725 1126 posui.

145 1139 254 1182 sicut
288 1140 330 1181 in
362 1152 504 1181 eorum
538 1152 641 1194 quos
674 1137 825 1179 misisti
857 1137 1038 1180 secundo
1071 1137 1175 1179 libro
1218 1137 1302 1179 eius
1336 1138 1489 1180 inueni.
1540 1137 1612 1179 ubi
1646 1137 1726 1192 pri-

146 1219 261 1248 mum
310 1205 404 1247 uide
453 1218 536 1260 quo
583 1216 821 1260 progressus
865 1203 1002 1254 luerit,
1052 1204 1152 1245 dum
1186 1203 1336 1245 nititur
1370 1203 1580 1245 affirmare
1615 1203 1724 1258 quod

146 1271 290 1314 nescit.
349 1284 474 1313 ausus
522 1275 584 1312 est
632 1269 742 1312 enim
773 1269 908 1311 dicere
941 1270 1065 1311 deum
1098 1283 1181 1311 non
1215 1283 1323 1311 nunc
1355 1269 1489 1311 solum
1524 1274 1651 1324 atque
1686 1269 1727 1311 in

146 1337 225 1379 isto
258 1337 554 1379 tantummodo
587 1335 763 1385 sacculo,
807 1336 875 1377 sed
911 1349 982 1390 per
1013 1335 1225 1378 infinitum
1274 1340 1441 1391 tempus
1474 1335 1561 1378 sinc
1595 1348 1726 1377 cessa-

148 1403 262 1445 tione
295 1407 422 1458 atque
456 1401 623 1444 omnino
671 1415 832 1456 semper
874 1402 1034 1443 animas
1082 1401 1349 1444 nascentibus
1402 1401 1512 1444 dare.
1562 1413 1726 1455 semper,

146 1468 296 1524 inquit,
353 1468 434 1518 dat,
493 1468 597 1510 sient
657 1479 812 1521 semper
868 1471 925 1509 est
971 1468 1059 1521 ipse
1105 1468 1177 1521 qui
1232 1467 1312 1510 dat.
1362 1467 1462 1522 quid
1512 1466 1726 1522 apostolus

146 1534 312 1585 dixerit,
392 1534 491 1589 quia
568 1532 669 1576 satis
758 1538 951 1589 apertum
1022 1538 1098 1584 est,
1165 1547 1231 1575 me
1299 1533 1535 1588 intellegere
1617 1532 1728 1574 absit

146 1606 194 1643 ut
240 1613 406 1655 negem;
457 1599 568 1654 quod
602 1603 744 1641 autem
777 1599 855 1641 iste
888 1599 1003 1649 dicit,
1053 1598 1178 1641 debet
1212 1599 1340 1641 etiam
1375 1599 1460 1655 ipse
1490 1598 1727 1654 intellegere

146 1671 293 1709 contra
338 1666 466 1708 fidem
513 1678 600 1707 esse
648 1664 918 1708 christianam
967 1670 1095 1720 atque
1128 1664 1299 1707 ulterius
1334 1678 1480 1707 cauere
1513 1679 1564 1707 ne
1596 1665 1723 1707 dicat.

147 1745 241 1775 cum
277 1731 386 1774 enim
418 1731 575 1774 mortui
607 1731 919 1782 resurrexerint,
954 1730 1038 1773 iam
1070 1744 1192 1772 nemo
1224 1736 1438 1782 nascetur3
1472 1738 1600 1786 atquc
1634 1730 1726 1772 ideo

148 1803 248 1840 tunc
296 1811 380 1840 non
427 1797 547 1839 dabit
591 1797 858 1839 nascentibus
907 1797 1080 1848 animas,
1119 1797 1190 1838 sed
1224 1810 1292 1839 eas
1326 1810 1430 1851 quas
1462 1797 1538 1839 dat
1571 1796 1613 1839 in
1647 1796 1727 1838 isto

146 1862 310 1906 sacculo
343 1876 438 1905 cum
469 1862 709 1918 corporibus
742 1862 957 1905 iudicabit.
992 1876 1075 1904 non
1108 1876 1204 1917 ergo
1236 1876 1397 1918 sempor
1426 1863 1515 1915 dat,
1536 1861 1730 1918 quamuis

146 1942 305 1985 semper
339 1929 426 1985 ipse
457 1928 514 1971 sit
545 1929 617 1984 qui
649 1942 758 1971 nunc
791 1929 878 1971 dat.
913 1942 988 1970 nec
1022 1933 1164 1971 tamen
1197 1928 1394 1984 quoniam
1438 1928 1585 1970 beatus
1631 1941 1729 1983 apo-

147 1995 278 2037 stolus
304 2007 387 2037 non
408 1993 517 2037 dixit
546 1994 702 2045 ‘dedit‘‚
738 1994 807 2036 sed
846 1994 959 2045 ‘det‘‚
993 1994 1089 2036 inde
1122 1993 1344 2036 conficitur
1378 1994 1489 2049 quod
1523 1993 1616 2035 uult
1652 1993 1728 2035 iste

147 2061 350 2103 conficere
384 2073 467 2103 non
500 2073 596 2102 eum
628 2074 678 2102 ex
710 2060 935 2115 propagine
969 2059 1129 2103 animas
1157 2059 1268 2102 dare.
1320 2059 1404 2115 ipse
1438 2059 1594 2115 quippe
1639 2058 1728 2109 dat,

147 2126 275 2168 etiam
307 2125 341 2168 si
373 2125 424 2167 de
456 2125 682 2181 propagine
714 2126 802 2177 dat,
837 2125 936 2181 quia
966 2131 1009 2167 et
1040 2124 1220 2180 corporis
1247 2125 1436 2167 membra
1467 2131 1509 2167 et
1542 2124 1728 2180 corporis

146 2206 288 2234 sensus
321 2196 363 2233 et
396 2191 578 2247 corporis
611 2191 788 2233 formam
822 2196 864 2233 et
896 2190 1077 2246 corporis
1120 2191 1288 2234 omnino
1321 2191 1607 2234 substantiam
1642 2190 1727 2246 ipse

152 2257 387 2300 hominibus
438 2259 526 2304 dat,
577 2257 768 2312 quamuis
817 2271 869 2299 ex
915 2257 1142 2313 propagine
1183 2258 1268 2299 det.
1319 2271 1453 2313 neque
1486 2258 1596 2298 enim
1631 2256 1729 2311 qnia

146 2323 339 2366 dominus
386 2324 465 2366 ait:
514 2322 562 2365 si
610 2323 853 2365 faenum
901 2322 1045 2379 agri,
1095 2323 1254 2378 quod
1304 2322 1486 2365 hodie
1534 2329 1627 2365 est
1671 2331 1730 2364 et

239 2454 271 2488 4.
289 2455 320 2489 7.
336 2453 379 2490 18
396 2453 494 2490 Vino.
512 2453 633 2490 Victor
723 2453 744 2489 8
760 2454 839 2489 Act.
861 2455 913 2496 17,
930 2454 973 2489 25
1065 2454 1104 2490 31
1123 2453 1258 2489 Mati-11.
1274 2453 1307 2495 6,
1323 2455 1366 2489 30

242 2545 260 2579 1
276 2553 299 2578 a
312 2553 392 2579 ηοω
403 2542 512 2579 sciam
525 2543 595 2579 inc.
611 2553 639 2579 c.
657 2543 747 2578 XVI
765 2543 784 2578 b
850 2543 962 2579 etiam
973 2554 1038 2579 om.
1050 2543 1069 2578 b
1135 2544 1156 2578 2
1171 2542 1324 2579 uolueris
1335 2544 1368 2578 A
1436 2542 1532 2578 istud
1549 2542 1663 2578 fatear
1676 2541 1726 2576 ΕΙ)

149 2604 170 2639 4
188 2602 247 2639 au.
262 2602 378 2639 discat
387 2602 430 2638 M
517 2604 539 2639 6
554 2603 734 2639 tantunde
743 2603 776 2638 E
866 2603 966 2650 aplos
976 2603 1005 2639 C
1099 2604 1118 2638 7
1133 2602 1292 2649 loquitur
1303 2603 1334 2638 Ε
1411 2602 1433 2637 9
1449 2602 1569 2648 negat]
1586 2602 1679 2647 legat
1690 2603 1723 2636 A

149 2660 216 2708 ait]
229 2662 306 2709 agit
317 2663 351 2698 Δ
474 2663 518 2699 10
545 2662 678 2710 inquit]
694 2662 732 2698 in
748 2673 818 2709 quo
834 2662 869 2698 id
883 2664 915 2698 Ir'
1042 2662 1146 2708 iunge
1162 2663 1193 2698 E
1328 2663 1370 2698 12
1390 2666 1447 2697 est
1462 2663 1515 2697 ml
1535 2672 1577 2696 ez
1592 2661 1667 2707 ipse
1682 2661 1722 2695 M

150 2721 360 2769 proposuiE
377 2721 551 2769 posuitM
622 2723 665 2759 15
679 2714 767 2759 ‹in—nl
778 2723 821 2758 M
891 2724 931 2759 18
947 2722 1023 2769 ipse
1039 2723 1135 2759 este
1207 2721 1307 2768 qnid]
1324 2722 1464 2768 quodA
1529 2722 1570 2756 21
1587 2719 1727 2756 emisti-

149 2791 260 2818 amun
271 2782 307 2818 A
351 2783 395 2819 22
408 2781 494 2828 iam]
507 2773 639 2818 taffiM
684 2782 842 2819 nascitur
857 2783 889 2817 E
934 2782 977 2819 25
990 2782 1067 2829 ipse
1082 2792 1220 2829 semper
1233 2782 1283 2818 sit
1291 2780 1494 2817 ABC'Fde
1539 2779 1725 2826 quoniam]

151 2841 248 2888 qnod
258 2841 302 2877 M
348 2842 392 2878 m
401 2841 544 2878 sedem
590 2843 633 2878 27
642 2842 808 2878 coiificire
821 2843 863 2878 M
909 2853 972 2878 nec
985 2843 1018 2878 A
1070 2842 1113 2878 31
1126 2841 1270 2877 foenum
1279 2842 1352 2876 FM
1375 2840 1494 2876 fenum
1504 2842 1612 2885 praet.
1626 2840 1659 2875 A
1670 2841 1727 2874 cet.
