1976 3210
113 978 152 1008 10

112 1327 150 1357 15

109 1660 151 1690 20

740 243 830 280 liber
855 243 912 280 111
943 246 976 285 4,
1008 243 1108 285 7—5,
1143 243 1186 280 10
1686 232 1762 274 135

181 371 397 428 apostolus
412 370 610 426 loquitur,
630 368 732 413 nihil
748 370 852 414 mihi
867 369 1062 412 uideatur
1081 369 1279 424 ambigui,
1301 368 1381 411 nisi
1400 369 1513 424 quod
1532 368 1593 411 ait
1614 368 1764 411 ‘Adam

181 438 359 481 formam
388 436 548 480 futuri‘.
584 436 662 479 hoc
689 436 798 479 enim
828 449 973 479 reuera
1002 450 1084 479 non
1114 435 1249 478 solum
1279 435 1374 478 huic
1404 435 1637 478 sententiae
1668 448 1763 477 con·

181 504 309 555 uenit,
342 517 426 559 qua
455 502 709 558 intellegitur
736 502 900 546 futuros
926 502 1014 545 eius
1040 507 1228 558 posteros
1255 515 1306 544 cx
1332 501 1476 544 eadem
1508 501 1643 543 forma
1669 514 1764 543 cum

181 576 352 626 peccato
373 583 461 612 esse
476 574 707 622 generatos,
722 569 795 612 sed
815 569 943 612 etiam
963 568 1005 611 in
1025 568 1127 611 alios
1147 574 1189 611 et
1209 567 1312 611 alios
1331 567 1568 610 intellectus
1588 572 1765 622 possunt

180 637 281 680 haec
327 636 454 678 uerba
492 634 654 678 deduci.
694 648 791 678 nam
830 640 872 677 et
906 648 980 677 nos
1017 634 1131 677 aliud
1172 634 1268 677 inde
1312 634 1538 689 aliquando
1581 633 1765 676 diximus

180 708 222 745 et
258 702 373 745 aliud
410 701 586 744 fortasse
623 701 820 751 dicemus,
859 701 973 756 quod
1008 706 1151 744 tamen
1187 701 1282 744 huic
1325 699 1557 742 intellectui
1592 713 1674 742 non
1711 698 1765 741 sit

180 769 418 818 aduersum,
441 772 483 810 et
509 767 596 823 ipse
619 766 810 823 Pelagius
837 781 920 810 non
948 780 1030 810 uno
1056 767 1181 810 modo
1207 767 1249 809 id
1267 766 1473 821 exposuit.
1503 770 1641 808 cetera
1668 778 1765 808 uero

180 848 287 890 quae
306 834 364 877 ibi
381 834 591 884 dicuntur,
620 833 656 875 si
681 833 901 889 diligenter
919 833 1197 876 aduertantur
1224 838 1352 888 atque
1380 836 1628 882 tractentur,
1657 831 1765 873 sicut

179 901 220 943 in
258 901 390 956 primo
429 901 607 943 duorum
645 899 809 942 illorum
843 899 948 942 libro
987 904 1215 955 utcumque
1250 903 1426 941 conatus
1458 912 1564 949 sum,
1601 897 1766 940 etiamsi

179 966 481 1009 subobscurum
515 965 684 1022 pariunt
719 979 855 1008 rerum
885 966 1070 1022 ipsarum
1102 965 1349 1008 necessitate
1388 978 1635 1014 sermonem,
1681 977 1764 1005 non

179 1038 321 1076 tamen
347 1037 546 1089 poterunt
568 1032 696 1075 alium
726 1046 894 1075 sensum
918 1032 1083 1083 habere,
1108 1031 1187 1074 nisi
1208 1045 1280 1087 per
1299 1044 1424 1086 quem
1447 1030 1606 1073 facturn
1623 1035 1697 1073 est.
1719 1035 1765 1072 ut

179 1098 414 1155 antiquitus
447 1099 641 1141 uniuersa
678 1098 849 1141 ecclesia
887 1098 1084 1140 retineret
1122 1097 1265 1140 fideles
1307 1097 1504 1153 paruulos
1555 1095 1766 1151 originalis

179 1165 341 1221 peccati
374 1164 655 1208 remissionem
689 1178 762 1220 per
795 1164 948 1207 Christi
981 1164 1239 1219 baptismum
1274 1168 1530 1206 consecutos.

286 1249 333 1291 V.
355 1250 417 1292 10.
437 1249 556 1292 Vnde
573 1262 657 1291 non
673 1248 866 1291 inmerito
884 1248 1034 1291 beatus
1049 1248 1283 1303 Cyprianus
1300 1247 1402 1290 satis
1420 1246 1617 1296 ostendit,
1638 1259 1765 1301 quam

180 1316 256 1358 hoc
282 1316 335 1358 ab
360 1315 479 1357 initio
504 1315 710 1357 creditum
735 1320 777 1357 et
800 1314 1059 1358 intellectum
1085 1319 1222 1356 seruet
1247 1313 1428 1356 ecclesia.
1457 1313 1529 1368 qui
1553 1326 1648 1354 cum
1673 1325 1766 1367 par-

180 1381 299 1424 uulos
325 1396 350 1424 a
374 1386 565 1424 materno
592 1386 710 1424 utero
736 1381 1040 1424 recentissimos
1065 1380 1149 1423 iam
1175 1380 1346 1422 idoneos
1373 1379 1427 1422 ad
1453 1378 1765 1434 percipiendum

181 1448 333 1491 Christi
355 1448 614 1503 baptismum
638 1448 858 1498 adsereret,
884 1446 1083 1502 quoniam
1107 1446 1321 1489 consultus
1345 1446 1495 1496 fuerat,
1521 1450 1663 1487 utrum
1687 1444 1765 1486 hoc

179 1520 278 1557 ante
304 1519 502 1558 octauum
528 1513 639 1556 diem
664 1514 757 1557 fieri
780 1513 962 1565 deberet,
991 1518 1199 1569 quantum
1225 1512 1378 1568 potuit,
1406 1515 1583 1554 conatus
1608 1515 1671 1552 est
1697 1522 1766 1551 eos

180 1581 465 1624 demonstrare
492 1580 710 1635 perfectos,
738 1594 789 1623 nc
821 1579 914 1635 quis
949 1580 1039 1636 ipso
1074 1592 1247 1622 numero
1283 1578 1457 1627 dierum,
1495 1590 1577 1632 quo
1615 1581 1765 1618 octauo

180 1652 305 1690 antea
321 1646 727 1690 circumcidebantur
743 1646 938 1697 infantes,
958 1659 1027 1688 eos
1045 1645 1182 1688 adhuc
1199 1644 1474 1700 perficiendos
1491 1642 1763 1685 existimaret.

179 1713 251 1755 sed
277 1727 372 1757 cum
398 1726 597 1769 magnum
624 1713 682 1755 eis
707 1712 957 1755 defensionis
982 1711 1263 1767 patrocinium
1289 1709 1580 1766 praestitisset,
1608 1708 1660 1751 ab
1689 1708 1767 1750 ori-

178 1780 305 1835 ginali
332 1785 474 1823 tamen
503 1784 676 1836 peccato
704 1792 773 1821 eos
800 1779 991 1821 inmunes
1019 1791 1102 1820 non
1131 1791 1217 1820 esse
1246 1777 1457 1819 confessus
1485 1780 1561 1826 est,
1591 1774 1702 1830 quia,
1732 1773 1767 1815 si

179 1846 257 1889 hoc
287 1851 469 1902 negaret,
500 1845 628 1902 ipsius
657 1844 856 1900 baptismi
885 1857 1068 1894 causam,
1098 1848 1269 1899 propter
1298 1856 1422 1898 quem
1452 1841 1762 1897 percipiendum

180 1925 249 1954 eos
269 1912 534 1962 defendebat,
560 1911 754 1954 auferret.
791 1915 911 1967 potes
931 1911 1065 1966 ipsam
1086 1909 1306 1965 epistolam
1327 1908 1548 1951 memorati
1568 1906 1767 1962 martyris

278 2086 293 2119 1
315 2084 359 2120 cf.
379 2084 481 2119 Rom.
499 2085 532 2126 5,
552 2086 593 2120 14
754 2084 775 2119 5
793 2083 837 2119 rt.
856 2083 971 2129 Epist.
991 2083 1054 2118 157
1067 2082 1200 2127 (CSEL
1218 2080 1417 2116 XXXXIV
1430 2080 1522 2122 469).
1546 2090 1623 2125 pag.
1642 2081 1694 2119 14,
1710 2079 1763 2114 13.

181 2144 234 2180 De
246 2142 382 2190 nuptiis
396 2148 431 2179 et
447 2155 542 2179 conc.
561 2144 596 2179 ΙΙ
610 2144 653 2179 46
668 2143 800 2189 (CSEL
813 2143 917 2178 XLII
930 2142 1023 2186 300).
1040 2142 1171 2178 Contra
1189 2140 1365 2176 Iulianum
1379 2140 1429 2175 VI
1447 2140 1467 2176 9
1482 2139 1617 2185 (XLIV
1633 2139 1699 2174 826
1716 2139 1765 2182 M)

181 2205 200 2239 7
220 2204 263 2239 cf.
287 2203 430 2239 Hieron.
456 2214 563 2250 opera
586 2202 696 2238 XXX
719 2203 785 2238 694
805 2202 842 2238 M
1054 2203 1096 2237 14
1117 2200 1161 2236 cf.
1183 2200 1351 2247 Cypriani
1373 2199 1476 2246 epist.
1501 2199 1545 2235 64
1569 2198 1615 2234 ad
1638 2197 1766 2233 Fidum

179 2263 312 2308 (CSEL
338 2263 394 2297 111
421 2274 500 2309 pars
528 2262 544 2298 I
567 2263 660 2307 362).

279 2391 295 2424 1
309 2387 453 2423 uidetur
464 2388 677 2424 LmlSVGA
784 2388 806 2423 3
817 2398 911 2433 qusta
920 2386 951 2422 L
967 2385 1052 2432 quia
1061 2386 1187 2423 SVPG
1288 2385 1346 2431 ex]
1359 2388 1395 2420 et
1411 2384 1429 2419 b
1529 2384 1551 2419 5
1562 2383 1623 2419 diu
1639 2383 1720 2418 duci
1731 2383 1766 2418 K

181 2447 302 2483 diduci
313 2448 341 2483 Ο
407 2448 428 2484 9
439 2447 675 2494 quodcunque
687 2447 720 2482 A
789 2448 832 2482 10
842 2447 1075 2482 suboscurum
1085 2446 1169 2481 Lm1
1240 2444 1397 2491 ipsorum
1408 2444 1435 2480 S
1513 2445 1556 2480 12
1569 2447 1667 2479 tenet
1679 2442 1764 2478 msss.

182 2506 454 2553 eaep.pertineret
466 2507 513 2550 K,
525 2507 544 2543 b
652 2506 768 2542 fidelis
780 2507 871 2542 Km1
966 2507 1009 2542 13
1021 2504 1158 2552 peccati
1169 2504 1257 2550 (cati
1270 2505 1310 2540 in
1320 2515 1387 2540 ras.
1401 2503 1472 2548 mZ)
1486 2503 1517 2538 1⁷
1610 2506 1652 2539 14
1664 2502 1766 2548 cipri-

182 2577 270 2603 anus
282 2567 354 2602 KA
476 2567 518 2603 15
534 2566 651 2602 hocin
661 2566 764 2612 mq.P
777 2566 823 2602 ob
833 2566 861 2601 S
980 2565 1023 2601 16
1034 2565 1175 2600 idoneos
1188 2565 1271 2600 Lml
1285 2564 1322 2599 id
1333 2575 1402 2599 non
1418 2575 1475 2599 eos
1488 2563 1531 2598 M
1646 2573 1667 2598 a
1676 2562 1761 2597 Gml

183 2628 223 2662 17
236 2630 368 2662 asseret
378 2626 533 2668 DmlSG,
549 2625 578 2672 (i
587 2637 614 2662 s.
627 2626 692 2670 jin.
705 2637 724 2661 e
735 2625 806 2670 m2)
820 2625 851 2660 V
942 2625 1149 2661 consulutus
1161 2624 1197 2660 K
1304 2624 1346 2660 19
1357 2634 1400 2659 nc
1412 2623 1474 2669 qui
1486 2623 1518 2658 si
1535 2633 1597 2669 pro
1615 2632 1761 2657 numero

182 2685 359 2722 LmlSPG
375 2685 503 2732 nequi*
522 2697 585 2732 pro
602 2696 699 2721 num.
715 2685 747 2720 V
769 2696 813 2720 nc
829 2684 908 2731 quis
923 2684 1027 2731 quasi
1038 2695 1184 2720 numero
1197 2683 1239 2719 bd
1383 2683 1468 2729 quia
1487 2683 1524 2727 (a
1540 2682 1667 2724 s.l.ml)
1680 2680 1766 2721 L,bd

183 2744 245 2791 qui
257 2745 349 2781 SVG
462 2746 506 2781 20
519 2744 849 2782 circuncidebmtm
861 2745 894 2780 A
997 2743 1164 2790 estimare
1177 2744 1210 2779 A
1227 2742 1472 2779 existimarent
1485 2742 1526 2777 M
1635 2741 1678 2775 22
1694 2751 1764 2775 non

184 2804 358 2840 immunes
369 2804 388 2840 b
453 2803 608 2840 confisus
626 2804 655 2849 (i
671 2815 713 2840 ex
728 2816 752 2841 u
770 2805 870 2850 corr.)
882 2803 913 2839 V
975 2803 1148 2850 quasiSV
1217 2804 1261 2840 23
1279 2806 1351 2849 qua
1365 2802 1397 2838 P
1463 2803 1504 2838 24
1523 2800 1659 2836 auferre
1672 2799 1764 2834 Km1

187 2863 303 2911 po'stes
318 2864 387 2910 (pr.
405 2874 422 2899 s
440 2864 660 2910 paeneeras.)
672 2863 705 2900 P
793 2862 985 2911 epistulam
995 2863 1053 2900 LS
