2028 3204
649 210 695 246 11.
720 209 830 246 Index
853 209 1036 246 nominum
1061 213 1099 245 et
1123 218 1238 244 rerum

218 342 275 366 um
303 330 459 376 quidque
485 330 572 365 deus
598 335 633 365 et
660 329 764 364 simul
791 328 911 364 onmia

206 401 295 425 unus
325 390 411 425 deus
536 389 610 425 sine
642 389 810 435 temporis
840 388 910 423 ullo

204 450 306 485 initio
334 450 408 485 siue
438 449 587 484 termino
620 449 633 484 1
662 451 740 490 339,
772 450 824 485 10.
857 450 908 484 14.

204 511 307 545 deum
330 521 403 544 esse
425 509 622 544 trinitatem
649 509 662 544 1
685 510 762 551 385,
787 509 844 549 18;
865 509 909 552 cl.

210 570 222 604 1
246 571 324 611 507,
349 571 403 605 20.

165 689 321 724 Valerius
348 690 470 724 Comes
490 690 524 735 (a
544 700 608 734 quo
620 689 910 735 Auyustinustres

203 749 370 794 epistulas
388 749 530 795 accepit)
555 748 674 790 11209,
690 750 759 790 1.3,
777 750 820 793 cl.
833 749 909 790 211,

205 810 235 843 3.
261 810 292 844 5.
320 810 395 849 253,
423 811 453 844 4.

162 868 278 903 uenire
300 869 344 903 ad
369 879 423 903 me
444 886 474 895 z
496 868 634 903 credere
655 868 691 903 in
715 878 770 903 me
796 868 809 903 1
833 869 910 909 427,

207 930 258 963 23.
285 930 362 969 429,
387 929 416 963 7.
443 929 519 969 453,
545 929 597 963 27.

165 988 342 1033 Vergilius,
376 988 419 1023 de
452 999 522 1034 quo
558 987 757 1034 Simplicius
790 998 910 1022 uersus

206 1048 406 1082 memoriter
429 1047 591 1082 recitauit
617 1047 629 1082 1
653 1049 730 1088 389,
754 1049 784 1082 9.
813 1048 863 1083 12.

162 1107 290 1142 ueritas
310 1124 341 1135 ζ
362 1107 598 1153 euangelium:
630 1107 642 1142 1
669 1108 724 1149 54,
754 1108 804 1142 17.
835 1109 910 1148 134,

209 1170 258 1202 18.
281 1169 333 1203 21.
356 1168 432 1209 251,
458 1168 508 1203 17.
531 1169 607 1210 279,
631 1169 682 1203 19.
704 1168 781 1209 352,
802 1169 832 1202 4.
856 1168 910 1202 20.

206 1228 282 1269 477,
309 1230 360 1262 21.
387 1228 464 1268 517,
493 1228 543 1262 17.

164 1286 333 1322 Vestales:
351 1287 559 1322 christianas
575 1287 765 1321 catholicas
781 1292 911 1332 nuptas

208 1358 274 1381 non
311 1347 421 1381 solum
460 1347 671 1388 Vestalibus,
707 1347 765 1381 sed
802 1346 909 1381 etiarn

207 1406 366 1441 hereticis
409 1406 603 1452 uirginibus
646 1407 911 1452 anteponendas

207 1478 279 1501 esse
307 1466 341 1501 11
367 1468 443 1508 216,
472 1468 521 1502 13.

164 1526 389 1561 vindemialis
410 1527 635 1572 coepiscopus
659 1526 847 1572 Augustini
876 1526 909 1560 ll

207 1588 283 1625 209,
309 1587 338 1621 7.

161 1645 344 1691 uirginitas
369 1650 505 1680 sacrata
534 1645 566 1680 ll
594 1647 669 1687 216,
698 1648 748 1681 11.

162 1705 324 1740 uirilitas:
362 1710 496 1740 motum
534 1706 751 1750 genitalium,
786 1706 822 1740 id
859 1709 912 1740 est

207 1765 422 1807 uirilitatem,
444 1777 465 1800 a
485 1766 550 1800 deo
570 1765 773 1800 institutam
799 1765 812 1800 I
834 1767 911 1807 448,

211 1827 260 1860 12.
290 1827 340 1861 14.

162 1885 275 1919 uirtus
291 1885 516 1920 sacramenti:
537 1885 549 1919 l
566 1886 621 1926 63,
637 1886 668 1920 5.
699 1885 812 1919 uirtus
827 1885 912 1920 cele-

207 1944 391 1990 bratioque
411 1944 502 1979 tanti
521 1944 730 1979 sacramenti
751 1944 763 1979 1
784 1946 838 1986 27,
860 1946 911 1980 13.

163 2004 254 2038 nisa:
280 2004 417 2039 uerat-ia
444 2003 456 2038 I
481 2005 558 2045 413,
582 2004 613 2039 5.
638 2004 852 2038 somniorum
878 2008 913 2039 et

207 2063 459 2099 somniantium
502 2063 515 2098 I
554 2064 632 2106 407,
670 2065 701 2099 4.
741 2065 819 2106 408,
860 2065 911 2099 13.

208 2123 376 2170 imagines
403 2123 416 2158 1
442 2124 520 2165 404,
548 2124 598 2159 15.

163 2183 329 2218 nisiones:
348 2187 544 2228 martyrum
564 2183 781 2229 conscriptae
802 2183 816 2218 I
835 2184 912 2225 405,

212 2243 261 2278 18.
287 2243 513 2289 propheticae
540 2242 553 2277 I
578 2244 655 2285 412,
680 2244 733 2278 24.

163 2303 238 2337 uita
253 2308 397 2338 aeterna
411 2302 561 2338 definita
575 2313 628 2344 ea,
645 2307 684 2337 ut
701 2307 913 2348 cognoscant

209 2373 316 2397 unum
330 2373 450 2398 uerum
463 2363 567 2397 deum
584 2362 598 2397 1
613 2363 688 2404 190,
701 2363 754 2398 25.
770 2364 845 2405 194,
858 2364 912 2398 20.

164 2422 282 2457 unitas
304 2421 478 2458 trinitatis
503 2421 537 2457 11
562 2423 638 2464 152,
662 2423 715 2457 22.

163 2481 367 2517 uocationes
388 2481 586 2517 hominum:
610 2481 723 2516 multa
744 2481 813 2516 dici
835 2493 914 2528 pos-

208 2545 291 2576 sunt
304 2541 347 2576 de
361 2541 458 2576 miris
471 2541 718 2576 uocationibus
731 2541 913 2576 hominum

213 2600 226 2635 1
242 2602 298 2643 31,
309 2601 340 2636 8.
357 2601 498 2636 uocatio
510 2601 565 2636 dei
581 2600 685 2642 1220,
700 2601 750 2636 19.
763 2601 840 2642 453,
859 2602 912 2637 23.

208 2661 286 2702 534,
311 2661 343 2703 9,
368 2662 412 2705 cl.
436 2661 514 2703 474,
539 2662 568 2696 4.

163 2719 352 2766 uolumen(
359 2736 392 2748 =
412 2730 494 2767 pars
504 2719 631 2767 operis,
651 2719 752 2764 liber)
776 2718 859 2762 171,
879 2720 911 2755 8.

210 2780 286 2822 129,
315 2781 366 2816 13.
393 2781 472 2822 377,
502 2781 554 2816 10.
585 2779 664 2822 379,
691 2780 722 2815 9.
755 2779 834 2821 383,
859 2779 912 2815 18.

209 2839 287 2882 485,
314 2839 366 2875 15.
394 2840 474 2882 519,
501 2839 553 2876 15.

1660 203 1739 246 617

984 327 1165 363 uoluntas:
1208 326 1240 362 11
1290 327 1364 368 128,
1415 328 1442 362 l.
1493 327 1567 368 129,
1613 328 1635 362 3
1670 339 1738 371 sqq.

1028 387 1202 422 diuinitus
1245 386 1406 422 adiuuari
1451 386 1495 421 ad
1541 386 1737 421 faciendam

1028 447 1201 482 iustitiam
1232 447 1243 481 l
1274 448 1347 487 157,
1375 448 1427 482 10.
1465 446 1665 481 ostenditur
1687 446 1740 480 in-

1030 507 1133 541 firma
1167 518 1227 552 per
1262 506 1383 552 legem,
1418 510 1457 541 ut
1491 510 1592 541 sanet
1625 506 1741 551 gratia

1030 566 1252 601 uoluntatem
1270 566 1281 600 l
1298 567 1372 606 168,
1388 566 1591 601 7.uolnntas
1603 569 1735 605 nostra,

1029 626 1102 661 sine
1124 638 1193 672 qua
1215 626 1350 672 operari
1373 626 1503 661 bonnm
1526 637 1595 660 non
1618 636 1740 671 possu-

1029 697 1119 728 mus,
1140 686 1332 721 adiunatur
1349 691 1383 721 et
1405 685 1550 731 erigitur
1570 685 1740 731 inpertito

1029 746 1154 792 spiritu
1179 746 1314 790 gratiae
1341 746 1354 781 1
1383 747 1456 787 173,
1481 746 1512 780 5.
1539 750 1658 780 utrum
1683 745 1738 780 dei

1029 806 1160 840 donum
1182 806 1229 840 sit
1249 816 1293 840 an
1315 817 1357 840 ex
1379 806 1437 840 illo
1459 805 1668 841 naturaliter
1688 805 1739 839 in-

1029 865 1098 901 sito
1123 866 1336 900 adhibeatur
1361 865 1509 900 arbitrio
1539 865 1551 899 1
1580 865 1656 906 215,
1687 866 1737 899 17.

1029 926 1207 971 praecedit
1232 925 1266 959 in
1293 925 1478 960 uoluntate
1503 925 1655 959 hominis
1678 925 1739 959 ad-

1029 985 1163 1031 petitus
1190 985 1333 1031 quidam
1362 985 1523 1031 propriae
1550 984 1741 1030 potestatis

1032 1045 1045 1079 1
1069 1047 1143 1085 104,
1167 1047 1194 1080 1.
1216 1045 1413 1080 uoluntatis
1431 1045 1616 1079 arbitrium
1635 1044 1672 1078 in
1691 1044 1740 1078 eis

1030 1105 1253 1140 naturalibus
1270 1105 1372 1139 bonis
1384 1111 1448 1145 est,
1462 1105 1591 1150 quibus
1602 1109 1637 1139 et
1649 1104 1740 1138 male

1030 1166 1143 1199 nialus
1164 1165 1215 1199 uti
1237 1170 1353 1210 potest
1377 1164 1388 1199 1
1412 1167 1486 1206 101,
1510 1166 1566 1200 13:
1586 1166 1628 1207 cl.
1651 1164 1663 1198 I
1684 1165 1739 1205 99,

1031 1227 1061 1260 2.
1081 1227 1157 1266 216,
1177 1226 1229 1260 26.
1249 1227 1325 1267 428,
1345 1226 1397 1260 25.
1416 1226 1493 1266 436,
1512 1226 1565 1260 23.
1584 1225 1661 1265 523,
1685 1226 1738 1259 21.

988 1369 1123 1414 Xystus
1158 1380 1322 1403 romanae
1357 1368 1521 1403 ecclesiae
1556 1367 1741 1414 episcopus

1033 1428 1045 1462 I
1070 1430 1146 1470 291,
1172 1430 1222 1464 18.
1247 1430 1323 1469 292,
1349 1430 1405 1470 10;
1428 1430 1471 1472 cl.
1495 1428 1648 1463 Iudicem
1672 1427 1689 1462 I
1712 1430 1742 1461 et

1032 1488 1273 1523 Retraclalion(
1282 1501 1323 1523 m.

986 1632 1177 1667 Zaccheus:
1208 1631 1219 1666 1
1246 1633 1301 1673 38,
1331 1633 1380 1667 18.

986 1691 1172 1727 Zacharias
1195 1692 1364 1726 eminenti
1388 1691 1526 1726 iustitia
1551 1690 1619 1725 iuit
1647 1690 1659 1725 1
1685 1692 1741 1732 90,

1032 1753 1084 1787 23.
1103 1751 1139 1786 in
1158 1752 1380 1786 sacerdotum
1400 1762 1545 1786 numero
1563 1750 1633 1785 fuit
1654 1750 1666 1784 1
1685 1752 1740 1791 91,

1033 1813 1085 1846 10.
1113 1813 1167 1853 92,
1194 1813 1225 1847 5.
1267 1812 1370 1846 Zach.
1398 1818 1432 1846 et
1464 1811 1643 1845 Elisabeth
1671 1821 1741 1844 non

1031 1871 1195 1906 habuisse
1212 1872 1401 1917 perfectam
1418 1870 1492 1905 sine
1510 1870 1578 1904 ullo
1595 1874 1741 1915 peccato

1031 1930 1204 1965 iustitiam
1231 1931 1245 1965 1
1267 1932 1321 1972 92,
1347 1932 1403 1970 182
1425 1932 1468 1974 cl.
1492 1931 1568 1971 289,
1593 1931 1644 1964 12.
1667 1929 1743 1964 sine

1032 1990 1197 2035 querella,
1224 2001 1294 2025 non
1320 1995 1439 2025 autem
1466 1989 1540 2024 sine
1567 1989 1637 2023 ullo
1663 2000 1741 2034 pee-

1033 2055 1113 2085 eato
1138 2050 1243 2085 fuisse
1270 2049 1304 2085 ΙΙ
1327 2051 1383 2090 38,
1409 2051 1460 2085 15.
1485 2051 1539 2084 21.
1578 2049 1681 2084 Zach.
1704 2053 1742 2084 et

1034 2109 1215 2145 Elisabeth
1238 2110 1358 2144 laudes
1383 2109 1415 2144 ll
1442 2110 1516 2150 164,
1547 2110 1568 2144 3
1587 2120 1675 2154 sqq.;
1697 2110 1742 2152 cs.

1035 2169 1070 2204 II
1096 2171 1170 2211 165,
1196 2171 1248 2205 10.
1285 2170 1458 2216 propheta.
1482 2168 1516 2203 ΙΙ
1539 2170 1618 2210 307,
1643 2170 1695 2204 10.

987 2241 1146 2276 Zosimus
1170 2252 1275 2287 papa,
1300 2241 1356 2277 cui
1381 2241 1572 2276 Caelestius
1595 2240 1631 2274 in
1656 2240 1743 2275 urbe

1034 2301 1148 2336 Roma
1170 2301 1325 2336 libellum
1350 2301 1450 2335 dedit
1476 2300 1509 2335 11
1535 2301 1611 2342 168,
1634 2301 1666 2335 3.
1692 2311 1742 2334 re-

1032 2361 1142 2396 coluit
1164 2361 1249 2407 quid
1274 2371 1472 2407 praecessor
1495 2360 1569 2395 eius
1592 2360 1635 2395 de
1658 2359 1744 2405 ipsis

1031 2421 1139 2467 gestis
1166 2421 1313 2455 senserit
1343 2420 1378 2454 ll
1410 2421 1483 2462 172,
1511 2422 1543 2455 3.
1586 2419 1744 2464 synodus

1031 2480 1189 2515 alric-ana
1221 2480 1252 2515 ei
1285 2480 1473 2525 respondet
1508 2479 1542 2513 Il
1578 2480 1653 2519 172,
1689 2480 1741 2513 14.

1032 2551 1209 2575 successor
1251 2539 1450 2574 Innocentii
1492 2538 1526 2573 ΙΙ
1569 2539 1645 2580 173,
1688 2539 1742 2573 10.

1031 2599 1160 2635 litteris
1191 2599 1405 2646 apostolicae
1437 2598 1530 2633 sedis
1561 2608 1742 2632 assensum

1032 2659 1198 2706 praebuit
1222 2658 1256 2693 11
1282 2660 1357 2700 171,
1380 2659 1412 2693 6.
1450 2657 1583 2703 Pelagii
1604 2657 1744 2692 litterae

1032 2718 1062 2754 ei
1088 2718 1194 2754 datae
1222 2717 1256 2753 11
1284 2719 1360 2760 180,
1384 2719 1416 2753 3.
1442 2707 1658 2752 exsecranda
1681 2716 1744 2751 ad·

1033 2778 1150 2814 texuit
1164 2777 1198 2813 Il
1213 2778 1289 2819 183,
1304 2779 1362 2818 1ος
1374 2778 1418 2821 cs.
1434 2776 1538 2818 1464,
1551 2778 1583 2812 4.
1596 2776 1675 2819 465,
1688 2776 1743 2812 15.

1033 2839 1086 2874 22.
1112 2838 1190 2880 468,
1218 2838 1271 2873 10.
