2028 3204
792 193 881 228 liber
914 192 971 228 111
999 192 1034 235 5,
1067 191 1198 227 14-15
1702 178 1783 221 503

205 322 373 366 inferior
391 326 561 378 propter
580 324 735 363 rectam
759 318 887 362 fidem
910 331 1015 374 quae
1038 317 1096 360 illi
1119 322 1184 359 est
1206 317 1247 359 in
1271 316 1408 367 deum,
1431 330 1483 358 ex
1506 329 1589 372 qua
1610 315 1719 358 uiuit
1741 321 1784 358 et

205 387 427 431 secundum
447 399 572 442 quam
590 385 631 428 in
648 385 838 429 omnibus
859 383 1021 427 delictis
1036 383 1119 426 suis
1139 396 1182 425 se
1199 388 1380 431 accusat,
1400 382 1441 423 in
1458 382 1650 424 omnibus
1667 381 1784 424 bonis

204 453 398 510 operibus
422 452 545 495 deum
571 451 717 495 laudat
737 450 814 493 sibi
840 450 1026 493 tribuens
1052 448 1334 505 ignominiam,
1376 447 1433 489 illi
1459 447 1633 503 gloriam
1658 452 1785 503 atque

204 520 258 562 ab
290 519 378 575 ipso
409 531 574 561 sumens
605 522 648 560 et
678 516 979 572 indulgentiam
1010 519 1274 571 peccatorum
1306 519 1348 556 et
1379 513 1643 556 dilectionem
1675 519 1785 556 recte

161 599 178 627 5
206 585 424 635 factorum,
460 584 510 626 de
545 583 622 626 hac
655 582 746 625 uita
778 582 1014 624 liberandus
1049 586 1092 623 et
1126 581 1168 622 in
1203 579 1458 623 consortium
1492 593 1587 622 cum
1621 579 1784 622 Christo

206 656 518 706 regnaturorum
546 648 802 704 recipiendus
826 648 1012 703 emigrat.
1040 659 1167 702 quare
1193 646 1271 688 nisi
1297 651 1467 702 propter
1493 646 1651 688 fidem?
1680 659 1785 700 quae

206 716 301 759 licet
331 716 418 758 sine
447 715 639 771 operibus
666 714 873 757 neminem
902 713 1038 756 saluat
1068 738 1121 743 —
1150 712 1240 768 ipsa
1267 716 1332 754 est
1360 711 1470 753 enim
1499 725 1583 754 non
1613 712 1788 766 reproba

207 782 324 832 fides,
344 795 449 837 quae
466 793 538 837 per
561 780 823 823 dilectionem
845 784 1039 835 operatur
1049 804 1113 829 —‚
1138 783 1279 820 tamen
1303 790 1376 833 per
1392 777 1526 833 ipsam
1543 777 1670 819 etiam
1695 791 1788 832 pec-

206 853 302 890 cata
321 847 553 897 soluuntur‚
572 846 672 902 quia
694 846 829 888 iustus
850 859 901 887 ex
926 845 1010 887 fide
1034 844 1156 895 uiuit,
1181 844 1268 886 sine
1293 843 1383 899 ipsa
1405 856 1502 886 uero
1528 843 1657 886 etiam
1680 856 1786 898 quae

139 926 179 955 ιο
208 913 404 955 uidentur
433 913 544 955 bona
572 924 697 967 opera
726 911 768 953 in
808 916 981 967 peccata
1010 915 1250 961 uertuntur;
1292 924 1315 952 ο
1333 923 1375 951 m
1392 923 1457 952 ne
1487 909 1599 952 enim
1630 923 1656 964 q
1674 923 1700 951 u
1719 922 1742 951 o
1761 909 1788 951 (1

207 992 319 1021 non
343 984 435 1021 est
459 992 524 1020 ex
548 978 688 1029 fide,
715 982 1039 1033 peccatum
1063 981 1168 1018 est.
1196 981 1239 1018 et
1263 975 1315 1017 fit
1338 980 1508 1030 propter
1530 975 1787 1017 hancmaxi-

208 1058 319 1087 mam
342 1043 636 1094 differentiam,
664 1048 723 1091 ut.
756 1057 851 1085 cum
882 1042 1102 1085 dubitante
1133 1042 1247 1084 nullo
1279 1054 1547 1096 perseuerans
1578 1040 1788 1096 uirginalis

208 1110 423 1165 integritas
455 1109 659 1165 coniugali
694 1109 889 1151 castitate
925 1108 980 1151 sit
1015 1108 1167 1163 potior,
1203 1113 1344 1149 tamen
1380 1107 1527 1149 mulier
1562 1107 1689 1149 etiam
1726 1106 1789 1149 bis

207 1182 340 1231 nupta
358 1176 562 1218 catholica
582 1175 788 1230 professae
809 1174 956 1229 uirgini
978 1174 1182 1217 hereticae
1203 1173 1459 1229 praeferatur
1493 1187 1568 1215 nec
1596 1173 1656 1215 ita
1676 1186 1790 1228 prae·

142 1254 179 1283 15
209 1242 378 1292 feratur,
393 1248 439 1284 ut
459 1241 539 1283 ista
555 1241 699 1283 melior
719 1241 773 1283 sit
793 1241 834 1282 in
856 1240 921 1283 dei
942 1253 1079 1295 regno,
1102 1240 1172 1282 sed
1193 1245 1241 1282 ut
1260 1239 1331 1281 illa
1351 1239 1407 1281 ibi
1427 1252 1509 1281 non
1532 1238 1586 1281 sit
1605 1239 1787 1281 omnino.

209 1321 306 1350 nam
336 1314 378 1350 et
408 1307 486 1358 ille,
518 1320 641 1362 quem
670 1307 786 1348 uelut
815 1306 1051 1348 melioribus
1075 1305 1366 1360 descripsimus
1395 1305 1593 1356 moribus,
1621 1305 1653 1346 si
1679 1304 1790 1347 adsit

210 1374 245 1415 ei
268 1373 371 1415 rides
394 1378 520 1423 recta,
538 1378 706 1428 superat
728 1372 843 1414 illum
866 1372 1057 1422 alterum,
1081 1371 1152 1414 sed
1174 1371 1297 1413 ambo
1321 1370 1402 1413 illic
1425 1375 1567 1422 crunt;
1592 1371 1626 1412 si
1648 1376 1791 1413 autem

211 1439 312 1481 fides
337 1438 373 1480 ei
397 1438 517 1489 desit,
542 1438 598 1481 sic
620 1438 673 1480 ab
695 1438 764 1480 illo
787 1442 1019 1493 superatur,
1042 1442 1091 1480 ut
1113 1437 1200 1492 ipse
1223 1436 1281 1479 ibi
1303 1450 1386 1479 non
1411 1436 1476 1479 sit.

316 1505 378 1547 15.
407 1504 510 1547 Cum
537 1504 679 1559 itaque
707 1503 805 1546 iusti
832 1517 973 1546 omnes
1002 1507 1045 1545 et
1070 1502 1324 1558 antiquiores
1353 1507 1395 1544 et
1422 1502 1600 1558 apostoli
1626 1515 1678 1545 ex
1706 1502 1790 1544 fide

141 1582 182 1611 20
211 1570 392 1612 uixerint
410 1575 534 1621 recta,
554 1583 658 1625 quae
679 1575 741 1612 est
759 1569 801 1611 in
817 1569 979 1612 Christo
1000 1569 1092 1611 Iesu
1112 1568 1279 1611 domino
1296 1573 1454 1620 nostro,
1471 1582 1685 1623 moresque
1702 1573 1791 1610 tam

208 1641 372 1678 sanctos
390 1649 483 1678 cum
502 1636 585 1677 fide
602 1635 840 1686 habuerint,
860 1640 907 1677 ut
924 1635 1022 1677 licet
1038 1648 1119 1677 non
1138 1639 1228 1677 tam
1246 1634 1453 1690 perfectae
1471 1634 1639 1677 uirtutis
1655 1634 1698 1676 in
1714 1635 1792 1677 hac

209 1701 298 1744 uita
321 1715 408 1744 esse
431 1701 659 1757 potuerint,
685 1714 811 1757 quam
836 1705 931 1756 post
953 1701 1061 1743 hanc
1085 1700 1216 1743 uitam
1240 1700 1382 1743 futura
1405 1705 1481 1751 est,
1506 1706 1647 1742 tamen
1672 1700 1791 1756 quid-

210 1767 310 1823 quid
335 1767 495 1823 peccati
521 1781 572 1809 ex
596 1767 782 1809 humana
806 1766 1050 1809 infirmitate
1077 1767 1331 1822 subreperet,
1355 1766 1512 1821 pietate
1538 1766 1667 1821 ipsius
1694 1765 1791 1808 fidei

210 1833 408 1875 continuo
421 1833 689 1875 deleretur—
705 1833 815 1875 unde
827 1832 918 1875 fieri
930 1837 1085 1887 potest,
1103 1837 1152 1874 ut
1170 1832 1210 1874 in
1229 1832 1524 1887 conparatione
1542 1832 1791 1887 iniquorum,

141 1911 182 1940 25
211 1912 313 1953 quos
338 1898 610 1941 damnaturus
635 1904 699 1940 est
723 1898 838 1948 deus,
864 1898 994 1940 iustos
1020 1911 1087 1940 eos
1112 1897 1238 1940 fuisse
1263 1897 1483 1939 dicendum
1509 1898 1577 1948 sit,
1602 1911 1695 1940 cum
1721 1911 1794 1952 per

212 1964 323 2019 piam
342 1963 469 2006 fidem
491 1969 579 2006 tam
602 1964 644 2006 in
663 1963 915 2006 contrarium
938 1963 991 2005 ab
1014 1962 1092 2005 illis
1115 1962 1252 2018 impiis
1276 1962 1361 2004 sint
1385 1963 1546 2014 remoti,
1571 1969 1619 2005 ut
1641 1963 1794 2005 clamet

210 2029 442 2084 apostolus:
474 2043 623 2084 quae
649 2042 788 2084 pars
816 2028 1001 2071 fideli
1029 2042 1143 2071 cum
1168 2028 1582 2079 infideli?-‚sed
1600 2028 1795 2071 uidelicet

212 2095 308 2137 noui
336 2095 504 2138 heretici
538 2095 750 2151 Pelagiani
785 2094 962 2150 religiosi
995 2099 1203 2137 amatores
1253 2099 1296 2136 et
1328 2094 1564 2137 laudatores
1599 2095 1796 2137 uidentur

213 2161 291 2202 sibi
312 2174 399 2203 esse
421 2166 671 2211 sanctorum,
691 2160 816 2203 sinon
829 2160 1012 2203 audeant
1023 2160 1157 2203 dicere
1178 2159 1432 2216 inperfectae
1453 2160 1544 2202 illos
1566 2160 1691 2203 fuisse
1714 2160 1795 2202 uir-

144 2238 185 2267 ³0
212 2226 329 2277 tutis,
351 2240 446 2269 cum
467 2227 545 2269 hoc
566 2226 818 2269 confiteatur
838 2239 912 2269 uas
935 2225 1158 2278 electionis,
1182 2225 1253 2282 qui
1275 2226 1538 2269 considerans
1563 2226 1636 2268 ubi
1657 2226 1795 2268 adhuc

316 2316 338 2351 8
352 2314 395 2350 cf.
415 2315 494 2352 Gal.
512 2316 544 2358 5,
560 2315 582 2350 6
685 2315 706 2350 9
722 2315 765 2350 cf.
786 2316 888 2351 Rom.
908 2316 939 2357 1,
956 2317 999 2351 17
1103 2315 1148 2351 10
1165 2315 1266 2351 Rom.
1286 2317 1339 2358 14,
1356 2315 1399 2351 23
1494 2315 1535 2351 27
1554 2315 1592 2351 ΙΙ
1608 2315 1683 2352 Cor.
1701 2316 1734 2357 6,
1754 2316 1796 2350 15

215 2374 260 2410 30
276 2374 319 2409 ci.
340 2375 419 2411 Act.
438 2376 470 2417 9,
490 2376 531 2410 15

62 2476 74 2494 ,ἱ
93 2443 158 2490 del.
175 2444 206 2480 B
319 2447 334 2480 1
353 2449 408 2482 est
422 2445 517 2481 om.0
607 2446 628 2480 2
644 2444 831 2482 excusatF
922 2445 1024 2481 bonis
1038 2444 1134 2481 om.O
1214 2447 1236 2482 3
1252 2446 1378 2482 laudat
1392 2446 1498 2481 deum
1511 2446 1544 2481 D
1634 2446 1796 2483 tribuens

216 2515 257 2539 ex
273 2504 508 2542 retribuensO
562 2507 583 2541 4
598 2505 830 2542 directionem
842 2504 906 2540 EF
958 2505 980 2540 5
996 2504 1175 2542 consortio
1186 2505 1217 2540 V
1281 2507 1299 2542 7
1316 2505 1466 2542 saluitV
1513 2506 1609 2541 enim
1627 2510 1681 2541 est
1691 2505 1754 2540 EF
1755 2506 1797 2542 bd

216 2564 258 2600 10
275 2569 461 2610 peecatum
473 2564 505 2599 D
576 2566 615 2600 11
634 2568 672 2601 et
685 2564 784 2600 om.V
848 2564 890 2599 12
900 2564 1107 2601 differentia
1118 2564 1149 2599 V
1222 2566 1264 2601 13
1279 2565 1491 2612 coniugatur
1507 2567 1536 2602 C
1595 2566 1638 2600 15
1648 2565 1796 2601 omnino

216 2635 286 2660 non
296 2624 345 2660 sit
355 2625 408 2660 Db
499 2624 539 2659 16
550 2624 579 2660 si
589 2624 690 2660 om.D
781 2625 822 2660 17
839 2623 915 2671 sed]
931 2624 960 2659 si
976 2624 995 2659 b
1085 2625 1128 2660 19
1142 2625 1195 2661 it2
1205 2624 1236 2659 V
1317 2630 1354 2661 et
1370 2625 1589 2671 antiquiores
1606 2625 1658 2660 bis
1669 2636 1747 2669 pon.
1761 2625 1797 2659 D

217 2683 291 2730 ppli
302 2684 331 2720 C
405 2684 448 2719 20
462 2684 622 2720 uixerint
633 2683 698 2729 00
715 2685 779 2729 lin.
799 2694 840 2719 ex
853 2685 893 2729 u)
967 2683 1010 2718 22
1025 2686 1099 2728 post
1115 2694 1226 2730 quam
1242 2685 1318 2719 add.
1337 2695 1429 2730 quae
1441 2683 1525 2720 EFd
1606 2689 1688 2730 post
1702 2685 1797 2720 hanc

214 2743 331 2779 uitam
343 2743 491 2789 quaeDb
521 2746 597 2779 ante
608 2749 730 2780 tamen
742 2754 824 2779 eras.
837 2742 917 2780 ci'iO
947 2744 991 2780 23
1001 2744 1207 2790 subreperet
1218 2754 1260 2779 ea:
1269 2744 1504 2790 subriperetO
1514 2744 1733 2791 subrepserit
1741 2743 1798 2779 Db

217 2802 409 2838 fideiem-F’
437 2803 657 2839 adelemro
696 2803 738 2839 27
748 2802 926 2839 infideleO
956 2802 1525 2850 28pelagianinouihereticiEFd
1555 2803 1735 2851 religionis
1743 2804 1800 2840 Db
