2028 3204
316 166 393 207 ‘2715
836 177 902 212 III.
938 177 988 212 De
1020 180 1151 213 natura
1175 181 1213 213 et
1243 177 1358 224 gratia

311 302 486 343 adiacet.
537 302 608 344 ubi
639 308 699 343 est
733 301 996 356 possibilitas,
1031 315 1136 358 quae
1168 302 1499 358 inseparabilite-1·
1528 303 1654 346 insita
1685 303 1888 359 probatur

313 381 398 409 esse
424 367 630 409 naturae?
672 367 898 422 quemlibet
923 367 1032 410 enim
1057 367 1098 410 in
1123 382 1164 410 se
1188 368 1471 424 transfiguret,
1497 368 1531 410 si
1553 369 1604 411 de
1628 382 1670 411 se
1693 369 1783 425 ipso
1807 369 1888 412 ista

312 447 395 474 non
414 432 516 474 dicit
534 434 760 487 apostolus,
780 433 990 475 hominem
1009 437 1118 475 certe
1136 433 1177 475 in
1195 447 1237 476 se
1255 434 1540 489 transfigurat.
1575 434 1628 476 ab
1649 434 1728 477 isto
1746 438 1886 477 autern

313 498 404 552 ipsa
438 498 623 540 humana
659 503 810 540 natura
846 498 1163 554 inseparabilem
1199 499 1300 541 nihil
1336 499 1535 554 peccandi
1568 498 1885 554 possibilitatem

312 563 464 605 habere
493 564 742 606 defenditur.
787 565 858 606 sed
886 564 949 606 his
978 564 1113 606 uerbis
1142 564 1183 605 id
1211 564 1350 619 agitur
1375 564 1504 607 etiam
1530 579 1555 607 a
1582 564 1788 607 nesciente
1817 566 1886 621 qui
1915 578 1932 606 5

312 629 510 684 loquitur,
552 644 635 672 non
676 635 818 672 autem
858 629 1065 672 nesciente
1106 629 1173 671 illo
1215 630 1286 686 qui
1324 630 1425 672 haec
1465 630 1672 686 loquenda
1711 630 1887 673 incautis

314 695 441 736 etiam
474 696 597 737 deum
631 695 875 737 timentibus
908 700 1110 750 suggeret,
1138 700 1183 737 ut
1217 701 1442 738 cuacuetur
1466 695 1619 738 ('hristi
1648 696 1781 750 gratia
1814 697 1889 738 hu-

314 774 440 802 mana
469 760 548 802 sibi
576 762 629 803 ad
660 760 863 803 iustitiam
893 775 1011 803 suam
1042 760 1161 817 quasi
1188 761 1421 803 sufficiente
1451 767 1614 804 natura.

420 825 489 868 LI.
515 825 578 868 59.
618 826 674 868 Vt
697 832 839 868 autem
862 826 1092 868 declinetur
1112 826 1282 877 inuidia,
1309 840 1390 882 qua
1413 826 1636 869 Christiani
1658 840 1732 881 pro
1755 827 1887 868 salute

314 905 389 933 sua
404 892 588 933 clamant
605 898 646 934 et
661 892 826 934 dicunt:
847 893 986 948 ‘quare
1002 891 1088 933 sine
1104 892 1310 934 adiutorio
1325 892 1482 946 gratiae
1492 892 1559 934 dei
1572 892 1671 934 dicis
1680 891 1888 933 hominem
1921 903 1959 932 ιο)

314 970 432 1011 posse
459 971 539 999 non
566 971 735 1012 peccare
749 957 783 999 Ρι
808 958 912 1010 ipsa,
939 957 1089 1013 inquit,
1115 971 1198 998 ‘nort
1221 957 1413 1010 peccandi
1435 958 1681 1010 possibilitas
1703 971 1787 999 *nort
1810 961 1889 998 tam

313 1023 361 1063 ‘ta
375 1022 535 1064 arbitrii
548 1027 734 1075 potestate
748 1037 867 1076 qaam
881 1024 928 1064 vla
941 1027 1110 1064 naturae
1124 1024 1350 1065 necessitate
1365 1027 1430 1065 est.
1463 1022 1652 1077 quiequid
1664 1023 1712 1064 ia
1723 1027 1891 1064 ‘naturae

313 1088 540 1130 necessitate
564 1089 740 1141 positam
765 1093 831 1139 est,
860 1089 912 1130 ad
934 1092 1103 1130 naturae
1127 1089 1321 1141 pertinere
1345 1101 1428 1130 ‘noa
1451 1088 1655 1130 dubitatur
1680 1092 1887 1137 auctorem,

314 1154 449 1206 missae
468 1154 597 1196 deam.
634 1154 824 1208 quomodo
844 1167 942 1208 erqo,
964 1154 1113 1210 inquit,
1135 1153 1278 1207 absque
1296 1154 1361 1195 aet
1377 1155 1507 1208 qratia
1524 1154 1607 1195 dtcz'
1625 1154 1888 1198 existimatur.

316 1219 419 1271 quod
446 1219 498 1261 ad
523 1219 641 1261 deam
668 1220 829 1273 proprie
855 1220 1049 1273 pertinere
1076 1219 1346 1261 monstratur?
1376 1233 1567 1274 expressa
1595 1225 1657 1261 est
1684 1219 1891 1261 sententia
1922 1230 1959 1259 1⁵

316 1298 420 1340 quae
456 1286 627 1333 latebat,
670 1300 753 1327 non
787 1291 849 1327 est
892 1284 1244 1341 quemadmodum
1278 1284 1405 1339 possit
1439 1284 1650 1327 abscondi.
1701 1284 1792 1326 ideo
1824 1284 1891 1326 dei

313 1350 472 1405 gratiae
514 1351 663 1393 tribuit
707 1365 789 1393 non
832 1350 1032 1405 peccandi
1070 1350 1403 1405 possibilitatem,
1452 1350 1547 1406 quia
1590 1350 1674 1392 eius
1716 1354 1890 1391 naturae

315 1417 414 1458 deus
467 1422 614 1459 auctor
676 1421 751 1467 est,
809 1416 876 1458 cui
930 1416 1250 1471 possibilitatem
1306 1430 1387 1458 non
1445 1415 1643 1470 peccandi
1683 1415 1892 1470 insepara-

316 1481 454 1523 biliter
488 1482 657 1524 insitam
695 1482 808 1524 dicit.
847 1496 941 1524 cum
974 1482 1065 1524 uult
1099 1495 1208 1536 ergo,
1244 1481 1390 1531 faciat;
1426 1481 1521 1536 quia
1554 1495 1635 1523 non
1670 1481 1775 1530 uult,
1809 1494 1890 1522 non

317 1547 429 1589 facit.
480 1548 552 1590 ubi
603 1548 712 1589 enim
760 1553 822 1589 est
874 1547 1157 1602 inseparabilis
1199 1546 1463 1602 possibilitas,
1507 1546 1545 1588 ei
1584 1546 1767 1588 accidere
1808 1560 1889 1587 non
1919 1557 1960 1587 2⁰

316 1619 454 1667 potest
504 1613 734 1656 uoluntatis
786 1613 1006 1654 infirmitas
1059 1612 1125 1655 uel
1183 1611 1320 1667 potius
1374 1611 1602 1654 uoluntatis
1656 1611 1889 1653 adiacentia

315 1684 355 1720 et
420 1679 682 1733 perfectionis
755 1678 994 1733 indigentia.
1076 1678 1110 1720 si
1165 1691 1259 1732 ergo
1319 1677 1378 1719 ita
1443 1683 1518 1727 est,
1571 1678 1679 1719 unde
1754 1676 1889 1719 uenit:

317 1745 478 1786 uelle
541 1745 804 1794 adiacet,
874 1743 1184 1799 perficere
1245 1748 1445 1785 autem
1506 1742 1720 1784 bonum
1779 1755 1891 1783 non

317 1810 457 1852 adia
474 1824 495 1852 c
512 1823 532 1851 e
550 1809 599 1851 t?
643 1810 676 1851 si
705 1809 814 1851 enim
842 1809 917 1851 iste
945 1808 1016 1864 qui
1040 1810 1151 1851 hunc
1177 1808 1327 1850 librum
1354 1807 1516 1862 scripsit
1543 1808 1593 1849 de
1622 1807 1689 1849 illa
1715 1806 1891 1848 hominis

317 1880 469 1917 natura
495 1876 745 1932 loqueretur,
782 1888 887 1930 quae
914 1875 1046 1930 primo
1074 1874 1287 1929 inculpata
1314 1879 1355 1916 et
1382 1874 1499 1915 salua
1523 1872 1691 1915 condita
1718 1879 1792 1922 est,
1827 1877 1892 1914 ut-
1919 1883 1960 1913 25

317 1954 493 1996 cumque
517 1946 805 1996 acceptaretur
826 1941 904 1983 hoc
925 1940 1104 1990 dictum3
1133 1953 1387 1994 quamquam
1410 1938 1726 1993 inseparabilem
1741 1937 1892 1980 habere

318 2007 649 2061 possibilitatem,
679 2006 720 2049 id
749 2012 823 2057 est,
848 2011 895 2048 ut
924 2006 983 2048 ita
1011 2006 1160 2056 dicam,
1188 2004 1510 2054 inamissibilem,
1540 2017 1623 2046 non
1651 2002 1795 2045 debuit
1824 2002 1893 2044 illa

413 2145 432 2178 2
448 2144 492 2178 ef.
512 2143 558 2178 II.
577 2143 652 2179 Gor.
674 2145 723 2184 11,
744 2143 873 2179 13—15
964 2145 1002 2178 11
1024 2141 1183 2187 Pelagius
1277 2142 1318 2176 23
1338 2141 1439 2176 Rom.
1460 2142 1490 2181 7,
1507 2140 1548 2174 18

414 2247 428 2279 1
447 2244 556 2279 insita
570 2244 899 2279 om.Ll)m1PVBE
1049 2244 1069 2278 2
1084 2242 1189 2277 sisu-L
1204 2242 1234 2277 si
1251 2242 1277 2287 (i
1295 2253 1336 2277 ex
1349 2242 1385 2286 e)
1398 2241 1429 2275 V
1578 2251 1615 2276 se
1630 2240 1777 2275 s.l.Dm2
1794 2241 1848 2282 set
1859 2239 1890 2272 Ε

322 2306 343 2340 3
362 2315 433 2339 non
446 2304 537 2339 s.l.D
626 2304 768 2340 homine
784 2303 842 2348 (ne
855 2303 982 2348 8.l.m1)
996 2303 1027 2336 D
1124 2302 1353 2346 transfiguret
1368 2301 1454 2335 le
1553 2302 1675 2334 autem
1688 2298 1744 2334 m2
1761 2308 1789 2333 s,
1805 2308 1887 2333 eras

323 2364 416 2399 enim
429 2365 461 2398 D
477 2364 570 2399 enim
589 2363 619 2397 B
699 2366 720 2399 4
734 2363 825 2409 ipsa]
843 2363 914 2398 ista
927 2363 1047 2397 VEm]
1140 2362 1161 2397 5
1177 2360 1220 2405 de
1231 2361 1285 2397 his
1299 2362 1328 2395 V
1418 2371 1440 2396 a
1455 2359 1630 2394 nesciente
1647 2359 1702 2404 (in
1713 2369 1778 2404 ηις.
1794 2357 1829 2393 al
1844 2368 1889 2392 an
2011 2403 2017 2410 ἱ

322 2423 470 2469 sciente)
483 2424 500 2458 b
575 2423 791 2466 nescientem
802 2424 830 2457 L
856 2432 928 2458 non
942 2421 1075 2457 sciente
1089 2421 1144 2467 (in
1156 2433 1220 2467 mq.
1232 2422 1288 2456 ηι2
1304 2419 1498 2464 nesciente)
1510 2419 1541 2454 V
1616 2419 1637 2454 6
1659 2417 1890 2453 nescientetL
2000 2458 2010 2474 Ἰ.

323 2485 342 2519 7
367 2483 523 2528 suggerit
534 2482 895 2518 Dm2RVm2CEm2d
919 2483 1122 2527 suggereret:
1136 2481 1167 2514 P
1301 2471 1364 2525 xffi
1383 2481 1425 2525 (s.
1437 2480 1460 2514 l.
1473 2479 1526 2514 ml
1541 2489 1629 2513 crux
1643 2489 1708 2514 om.
1725 2475 1891 2523 gratiam

323 2545 343 2579 8
357 2542 559 2578 sufficiente
574 2544 651 2588 (nte
669 2554 696 2577 s.
716 2543 799 2587 ras)
814 2541 991 2577 Dm2Dm1
1062 2542 1105 2576 12
1119 2539 1292 2586 quidquid
1306 2539 1517 2574 VPmIEmI
1587 2539 1628 2574 13
1643 2540 1786 2573 auctore
1800 2536 1887 2571 Dml
1998 2524 2019 2592 {³2

325 2603 367 2638 14
381 2601 521 2648 utique]
537 2602 657 2647 itaque
672 2602 704 2636 B
801 2603 843 2637 17
859 2601 975 2647 gratia
990 2603 1025 2636 et
1038 2599 1164 2636 tribuit
1175 2600 1204 2635 L
1310 2599 1354 2635 18
1371 2601 1496 2634 auctor
1508 2601 1527 2633 e
1539 2597 1596 2633 m2
1613 2606 1655 2632 ex
1669 2598 1848 2632 auctorem
1859 2595 1889 2630 L
1998 2594 2019 2643 ᾗ

325 2661 598 2708 inseparibiliter
610 2662 640 2696 V
697 2662 742 2697 19
755 2661 815 2696 uul
828 2659 860 2694 Β
904 2660 990 2696 facit
1004 2659 1058 2695 Vd
1102 2660 1141 2695 21
1154 2658 1315 2705 potutius
1328 2658 1359 2694 V
1415 2658 1457 2694 25
1471 2656 1585 2703 prima
1598 2656 1629 2691 B
1671 2653 1786 2701 salua]
1801 2665 1889 2690 sana
1998 2646 2020 2710 ξ

327 2721 473 2756 Tam-in.
493 2722 515 2756 d
604 2723 645 2756 ut
670 2720 884 2767 quicumque
905 2720 938 2755 Β
1028 2720 1071 2755 26
1096 2719 1341 2765 acceptaretur
1361 2716 1400 2752 ὑπ
1417 2714 1577 2763 mq.Vm3
1651 2713 1890 2761 inseparabili·
1996 2708 2021 2736 ‘l

324 2784 438 2817 tatem
450 2781 468 2815 b
578 2779 721 2816 abereL
837 2780 876 2815 27
902 2781 953 2821 ut,
967 2778 1033 2825 ita]
1058 2777 1189 2814 uitiata
1202 2778 1232 2813 B
1340 2777 1373 2812 in
1379 2775 1623 2823 ammisibilem
1633 2774 1666 2810 V
1987 2737 2020 3204 ι
