2028 3204
240 217 316 258 '254
759 227 826 262 ΙΙΙ.
860 227 913 261 De
944 230 1074 262 natura
1105 230 1140 261 et
1168 226 1285 273 gratia

237 352 469 395 infirmitas.
505 366 634 407 poena
668 351 893 394 iustissima
923 352 1144 394 subsecuta
1174 357 1251 401 est,
1282 356 1329 393 ut
1359 352 1590 394 mercedem
1619 358 1811 395 mutuam

239 418 397 473 peccati
418 418 480 460 sui
505 418 543 460 in
566 424 696 459 semet
719 417 807 472 ipso
829 417 1027 472 reciperet
1056 416 1255 458 amittens
1276 417 1353 459 sub
1376 431 1417 458 se
1440 417 1621 472 positam
1641 417 1704 460 sui
1724 432 1811 461 eor-

238 484 345 538 poris
375 483 682 538 quodammodo
723 482 1043 531 oboedientiam,
1084 495 1209 537 quam
1237 482 1503 537 praeeipuam
1539 483 1616 525 sub
1643 483 1810 526 domino

235 564 308 591 suo
344 549 429 604 ipse
465 554 786 604 contempserat.
841 554 882 589 et
919 548 1027 602 quod
1064 562 1173 590 nune
1207 561 1302 590 eum
1336 548 1481 590 eadem
1517 548 1601 603 lege
1652 549 1811 603 peceati

237 615 455 664 nascimur,
477 628 581 669 quae
607 614 646 656 in
671 613 866 657 membris
890 613 1042 655 nostris
1066 619 1270 668 repugnat
1295 613 1372 667 legi
1395 613 1559 658 mentis.
1584 627 1716 669 neque
1740 614 1811 656 ad-

238 694 377 722 uersus
410 681 534 722 deum
568 693 822 722 murmurare
856 692 988 733 neque
1021 684 1165 720 eontra
1198 692 1282 720 rem
1316 678 1698 721 manifestissimam
1729 679 1810 721 dis-

238 752 395 800 putare,
421 746 490 787 sed
516 759 588 800 pro
614 759 743 800 poena
770 750 912 786 nostra
938 744 1043 786 illius
1068 744 1388 786 misericordiam
1413 758 1607 799 quaerere
1631 750 1671 786 et
1697 758 1810 786 orare

235 812 446 853 debemus

346 889 501 930 xxvi.
526 890 588 929 29.
627 887 853 929 Adtendite
875 902 972 929 sane
995 887 1214 941 uigilanter
1236 887 1442 941 quomodo
1463 886 1633 928 dixerit:
1657 887 1811 928 adhibet

235 954 390 1007 quidem
413 955 529 995 eatam
552 954 644 995 huic
665 954 783 1005 parti,
805 953 844 993 si
861 953 1019 1006 quando
1039 952 1305 993 necessarium
1323 952 1456 1004 suerit,
1496 953 1808 996 mesericordiam

234 1034 348 1061 suam
396 1020 503 1069 deus,
545 1020 641 1073 quia
674 1019 828 1060 hormssm'
862 1022 948 1071 post
983 1022 1184 1071 peecatum
1219 1018 1275 1059 zm
1308 1017 1521 1059 subuenire
1553 1031 1707 1059 neeesse
1741 1023 1808 1062 esc.

237 1099 312 1126 mm
332 1086 428 1138 qum
443 1086 538 1126 deus
555 1098 719 1126 causam
735 1084 856 1125 huius
873 1084 1117 1125 necessitatis
1135 1084 1341 1136 optauerit.
1377 1083 1580 1125 uidetisne
1614 1085 1811 1138 quemad-

238 1151 406 1192 modum
430 1165 510 1192 non
535 1150 647 1191 dieat
672 1149 944 1191 neeessariam
968 1148 1291 1190 misericordiam
1314 1148 1379 1190 dei
1404 1154 1449 1190 ut
1473 1163 1552 1190 non
1581 1163 1807 1203 peccemus,

236 1217 304 1257 sed
328 1216 420 1270 quia
444 1215 735 1270 pec-cauimus?
760 1215 907 1256 deinde
937 1213 1168 1268 subiungit:
1188 1214 1255 1255 sed
1274 1218 1308 1255 et
1325 1214 1500 1256 medicus
1520 1214 1570 1255 ad
1588 1214 1808 1255 curandum

238 1283 316 1323 iam
342 1282 594 1323 uulneratum
621 1285 785 1334 paratus
809 1294 890 1322 esse
913 1279 1035 1332 debet,·
1073 1293 1154 1320 fno‘n
1176 1279 1281 1321 debet
1305 1283 1433 1337 autem
1459 1283 1501 1321 ut
1523 1293 1648 1321 sanus
1672 1280 1810 1321 uulne-

237 1351 340 1388 relur
373 1352 516 1400 optare.
568 1346 600 1387 si
635 1347 714 1388 ista
746 1346 973 1387 similitudo
1008 1345 1127 1386 rebus
1148 1345 1198 1386 de
1233 1345 1381 1399 quibus
1414 1344 1572 1399 agimus
1606 1345 1808 1399 congruit,

235 1419 344 1454 eerte
392 1412 598 1454 uulnerari
644 1426 725 1453 non
774 1417 911 1466 potest
958 1417 1107 1453 natura
1153 1411 1335 1452 humana
1383 1416 1564 1465 peceato.
1614 1410 1809 1464 quoniam

236 1485 452 1532 peecatum
477 1478 588 1520 nulla
612 1477 849 1519 substantia
874 1483 948 1518 est.
976 1476 1082 1518 sieut
1101 1489 1195 1530 ergo
1215 1476 1381 1518 uulnere
1407 1475 1522 1517 uerbi
1543 1475 1675 1531 gratia
1701 1476 1810 1517 elau-

234 1543 375 1585 dieans
412 1543 500 1585 ideo
534 1550 714 1591 curatur,
749 1548 796 1584 ut
828 1548 975 1584 sanato
1009 1541 1116 1585 malo
1150 1541 1373 1596 praeterito
1408 1541 1570 1583 futurus
1603 1540 1810 1596 dirigatur

237 1609 499 1655 ineessus.sie
518 1609 626 1650 mala
649 1614 790 1650 nostra
814 1622 893 1649 non
919 1608 970 1649 ad
994 1607 1069 1648 boc
1093 1607 1226 1648 solum
1249 1620 1448 1661 supernus
1468 1606 1649 1648 medicus
1673 1613 1807 1655 sanat,

235 1680 281 1716 ut
302 1674 369 1716 illa
389 1674 471 1716 iam
490 1688 570 1715 non
592 1673 689 1719 sint.
710 1674 780 1715 sed
800 1678 847 1714 ut
866 1673 916 1714 de
937 1678 1073 1714 eetero
1094 1678 1203 1714 reete
1223 1672 1434 1714 ambulare
1454 1671 1677 1726 possimus;
1699 1672 1807 1726 quod

239 1740 405 1794 quidem
417 1739 543 1781 etiam
559 1739 649 1781 sani
667 1753 746 1780 non
760 1738 839 1780 nisi
851 1738 919 1779 illo
937 1738 1164 1780 adiuuante
1177 1737 1416 1792 poterimus.
1431 1750 1528 1778 nam
1540 1737 1721 1778 medicus
1738 1737 1809 1778 ho-

234 1819 300 1846 mo
319 1819 413 1847 cum
424 1805 633 1847 sanauerit
653 1804 875 1854 hominem,
891 1803 972 1845 iam
989 1804 1039 1845 de
1058 1809 1194 1845 cetero
1212 1803 1533 1845 sustentandum
1545 1802 1755 1844 elementis
1768 1808 1808 1843 et

233 1870 441 1912 alimentis
467 1870 763 1925 corporalibus,
789 1875 837 1911 ut
862 1869 1007 1911 eadem
1032 1868 1188 1910 sanita-s
1214 1874 1313 1923 apto
1339 1867 1521 1910 subsidio
1547 1867 1807 1909 conualescat

234 1943 360 1990 atque
388 1936 595 1991 persistat,
622 1937 698 1977 deo
723 1934 916 1984 dimittit,
945 1934 1015 1989 qui
1039 1934 1209 1989 praebet
1235 1933 1315 1975 ista
1340 1933 1380 1975 in
1411 1947 1531 1975 carne
1556 1932 1806 1976 uiuentibus.

234 2002 348 2043 euius
368 2008 486 2043 erant
505 2001 631 2043 etiam
645 2001 713 2043 illa
733 2014 850 2055 quae,
864 2001 965 2042 dum
983 2004 1157 2048 curaret,
1180 1999 1418 2041 adhibebat.
1439 2013 1521 2041 non
1542 1998 1650 2040 enim
1669 2011 1809 2052 quem-

235 2081 359 2122 quam
378 2067 559 2109 medieus
577 2081 627 2108 ex
644 2066 706 2108 his
730 2066 865 2113 rebus,
893 2079 994 2120 quas
1018 2065 1105 2120 ipse
1130 2064 1344 2114 creauerit,
1369 2069 1504 2114 sanat,
1529 2064 1600 2105 sed
1625 2077 1675 2105 ex
1701 2063 1805 2104 illius

234 2132 393 2187 opibuS‚
423 2132 492 2187 qui
520 2138 632 2174 creat
650 2131 788 2173 omnia
814 2130 1042 2173 necessaria
1069 2129 1178 2172 sanis
1205 2134 1331 2185 atque
1359 2129 1530 2171 uitiosis.
1552 2128 1638 2183 ipse.
1661 2135 1803 2170 autem

232 2199 345 2244 deus,
358 2211 453 2239 cum
468 2211 538 2252 per
556 2197 826 2239 mediatorem
840 2196 905 2238 dei
923 2202 964 2237 et
982 2195 1196 2237 hominum
1214 2195 1421 2237 hominem
1435 2194 1644 2236 Christum
1662 2193 1800 2236 Iesum

326 2369 347 2403 5
369 2370 411 2403 cf.
438 2370 538 2404 Rom.
559 2371 589 2410 7,
614 2370 654 2404 223
744 2370 775 2403 9.
796 2371 837 2405 14
862 2368 1021 2412 Pelagius
1122 2368 1165 2403 29
1183 2367 1228 2402 ci.
1251 2368 1267 2403 I
1286 2366 1373 2401 Tim.
1397 2367 1429 2408 2,
1448 2367 1469 2401 5

329 2477 343 2511 1
360 2475 556 2520 subsequta
568 2476 599 2510 Ρ
655 2476 675 2510 2
690 2475 896 2520 semetipsos
909 2477 936 2510 L
992 2477 1011 2510 4
1028 2477 1263 2510 contemserat
1274 2476 1313 2520 (p
1329 2484 1354 2507 ε.
1370 2484 1406 2508 m
1419 2472 1575 2517 m1)l,D‚
1587 2472 1619 2507 P
1671 2473 1712 2508 10
1725 2471 1807 2507 huic

236 2535 342 2571 etiam
352 2535 428 2570 Ebd
467 2537 505 2570 11
520 2534 699 2571 subueniri
714 2535 739 2579 (i
755 2545 780 2569 s.
796 2535 861 2578 lin.
877 2536 909 2576 e)
923 2535 963 2575 V,
976 2535 1016 2569 bd
1060 2534 1273 2569 necessumd
1321 2535 1364 2568 12
1374 2531 1518 2568 huiusoe
1530 2531 1807 2567 Dm2PRVCEd

235 2595 474 2630 huiuscemodi
486 2596 505 2630 b
639 2595 681 2630 13
695 2593 926 2629 necessa-rium
941 2593 1092 2629 LDmlC'
1230 2592 1271 2628 15
1289 2596 1434 2638 paratus
1454 2601 1528 2627 esse
1546 2590 1774 2627 uulneratum
1786 2591 1804 2625 b

238 2655 279 2689 16
293 2655 501 2700 optas-rel,
591 2657 632 2690 18
652 2653 801 2690 uulnere
816 2664 879 2688 om.
895 2652 981 2688 Vm]
1074 2653 1112 2688 21
1135 2652 1308 2698 possimus
1327 2651 1353 2697 (i
1370 2662 1412 2686 ex
1427 2652 1505 2694 u)L
1524 2660 1704 2697 possemus
1714 2649 1804 2684 Dml

236 2715 279 2750 22
299 2713 345 2758 ab
362 2713 420 2749 illo
432 2714 461 2749 L
483 2714 528 2749 ab
547 2713 610 2749 illo
624 2712 693 2748 VB
770 2714 814 2748 23
833 2713 1004 2748 ceterosL
1081 2711 1255 2747 elimentis
1265 2711 1388 2746 DmIE
1458 2711 1502 2746 26
1522 2709 1632 2745 etiam
1645 2709 1801 2744 om.le

238 2775 280 2810 27
306 2773 478 2809 creauerit
501 2774 529 2819 (i
555 2785 597 2809 ex
622 2774 696 2813 u)L
814 2772 857 2807 28
876 2771 1068 2818 operibusb
1177 2773 1252 2816 posi
1276 2769 1412 2805 uitiosis
1434 2769 1512 2804 add.
1535 2767 1806 2804 administram

239 2833 282 2867 29
298 2832 443 2868 hominu
459 2834 498 2878 (ῡ
515 2844 541 2868 ε.
561 2843 579 2868 e
597 2833 668 2875 m3)
681 2833 713 2867 E
788 2831 968 2866 hominem
978 2829 1166 2866 om.VEml
1247 2830 1363 2865 Iesum
1381 2828 1557 2864 Christum
1574 2827 1682 2864 LBbd

1843 965 1879 993 lo

1841 1292 1877 1320 15

1837 1618 1879 1647 2⁰

1836 1945 1876 1973 25
