2028 3204
154 948 195 979 10

155 1276 195 1306 15

156 1604 199 1635 20

158 1932 200 1963 25

750 219 838 256 liber
870 217 921 255 IV
951 218 1003 262 18,
1038 219 1179 262 28—19,
1213 219 1259 255 30
1718 209 1804 253 409

218 344 453 395 ueritatem,
468 342 540 385 sed
555 342 871 386 similitudinem
882 341 1053 398 gerere?
1083 342 1284 397 gaudium
1299 355 1396 384 uero
1412 343 1499 385 eius
1514 343 1601 385 siue
1616 344 1804 394 tristitia,

217 408 441 453 delectatio
476 407 543 451 uel
580 407 771 461 offensio,
810 408 897 451 siue
933 408 989 450 sit
1024 408 1067 450 in
1104 408 1346 465 corporibus
1384 408 1469 450 siue
1505 408 1548 451 in
1585 422 1804 464 corporum

219 474 579 526 similitudinibus,
617 486 715 518 uera
751 478 828 517 est.
882 477 929 516 tu
966 473 1052 528 ipse
1091 486 1228 516 nonne
1264 473 1410 516 dixisti
1447 486 1625 529 uereque
1661 474 1805 517 dixisti

221 539 436 584 ‘alimenta
462 544 506 583 et
531 540 786 583 uestimenta
811 552 894 582 non
921 552 1010 582 esse
1035 539 1215 591 animae,
1242 539 1313 582 sed
1341 539 1502 594 corpori
1529 539 1804 583 necessaria‘?

220 618 294 650 cur
314 618 409 662 ergo
430 619 566 662 aquae
589 605 746 648 stillam
762 604 1018 649 desiderauit
1036 604 1147 659 apud
1170 604 1323 647 inferos
1335 605 1483 647 diues?
1505 618 1578 647 cur
1593 604 1806 650 ‘Samuhel

218 675 388 715 sanctus
420 676 517 727 post
548 675 757 723 mortem‘,
790 675 839 713 ut
870 670 957 726 ipse
989 683 1155 726 quoque
1188 672 1538 722 commemorasti,
1574 670 1709 713 ‘solito
1742 672 1804 713 in-

218 738 421 780 dumento
436 738 616 780 uestitus
631 735 874 793 apparuit‘?
899 736 1103 791 numquid
1122 734 1188 777 ille
1205 736 1346 778 ruinas
1367 736 1532 779 animae
1549 737 1654 778 sicut
1670 737 1805 779 carnis

219 816 294 860 per
314 803 470 846 umoris
500 802 749 846 alimentum
780 801 948 845 reficere
977 800 1204 857 cupiebat?
1241 801 1446 857 numquid
1469 802 1546 843 istc
1566 802 1618 843 de
1638 815 1807 857 corpore

219 869 401 912 uestitus
431 867 620 912 exierat?
666 868 737 911 sed
768 868 811 911 in
839 867 910 910 illo
939 880 1039 910 uera
1069 872 1160 910 erat
1190 866 1396 918 molestia,
1429 880 1513 922 qua
1542 867 1808 910 cruciabatur

222 934 377 985 anima,
399 948 482 977 non
503 938 647 977 tamen
668 946 813 977 uerum
835 946 997 989 corpus,
1019 934 1085 976 cui
1107 938 1328 988 quaereret
1349 932 1563 984 alimenta,
1588 938 1630 975 et
1652 933 1729 975 iste
1752 934 1808 975 sic

221 1000 361 1056 potuit
379 1012 579 1056 apparere
597 1000 792 1051 uestitus,
812 1003 861 1042 ut
879 1012 961 1041 non
980 1012 1129 1054 corpus
1149 1004 1273 1050 esset,
1295 998 1365 1041 sed
1385 998 1699 1041 similitudinem
1720 1011 1807 1041 cor-

220 1066 332 1122 poris
357 1065 534 1109 haberet
561 1070 604 1108 et
630 1065 772 1109 anima
799 1069 842 1108 et
868 1064 1052 1108 habitus,
1096 1077 1231 1120 neque
1257 1065 1367 1107 enim
1394 1077 1437 1106 se
1464 1065 1604 1106 anima
1630 1064 1738 1106 sicut
1765 1065 1807 1106 in

224 1131 409 1174 membra
433 1132 614 1187 corporis
638 1131 697 1174 ita
723 1136 766 1173 et
792 1132 833 1173 in
858 1131 1112 1173 uestimenta
1135 1131 1310 1186 porrigit
1335 1134 1378 1172 et
1402 1135 1579 1180 coartat,
1606 1135 1654 1172 ut
1679 1130 1807 1172 etiam

222 1197 317 1240 inde
345 1197 561 1240 formetur.

330 1263 395 1306 30.
432 1263 535 1305 Post
568 1267 745 1305 mortem
778 1275 875 1305 uero
909 1275 1036 1317 quam
1070 1262 1157 1304 uim
1190 1261 1436 1316 cognitionis
1469 1260 1809 1316 corruptibilibus

224 1333 473 1372 exoneratae
505 1329 747 1385 corporibus
777 1328 942 1370 animae
972 1327 1182 1382 accipiant
1214 1327 1343 1369 etiam
1375 1340 1457 1368 non
1488 1328 1635 1378 bonae,
1667 1331 1714 1369 ut
1744 1325 1810 1369 uel

223 1394 380 1450 pariter
402 1394 532 1437 malas
556 1393 623 1437 uel
649 1394 778 1437 etiam
803 1394 933 1436 bonas
958 1393 1127 1435 ualeant
1151 1392 1417 1435 interioribus
1443 1392 1631 1434 sensibus
1655 1392 1809 1436 intueri

230 1464 273 1503 et
299 1473 520 1515 agnoscere
548 1460 634 1503 siue
660 1460 703 1502 in
730 1459 829 1516 ipsis
854 1473 937 1501 non
964 1458 1217 1514 corporibus,
1257 1458 1327 1501 sed
1355 1457 1697 1500 similitudinibus
1724 1470 1811 1500 cor-

223 1538 372 1581 porum
394 1526 480 1568 siue
504 1526 546 1568 in
570 1526 687 1568 bonis
709 1530 785 1570 aut
806 1524 925 1567 malis
947 1524 1242 1567 affectionibus
1266 1524 1432 1575 mentis,
1458 1524 1499 1566 in
1522 1523 1674 1579 quibus
1697 1522 1805 1566 nulla

225 1595 324 1634 sunt
345 1591 466 1647 quasi
488 1591 735 1637 liniamenta
756 1590 1050 1641 membrorum,
1073 1590 1165 1645 quis
1187 1589 1328 1632 ualeat
1350 1587 1577 1644 indagare?
1615 1589 1724 1631 unde
1747 1595 1808 1631 est

226 1661 270 1700 ct
294 1655 411 1708 illud,
438 1657 548 1713 quod
574 1661 738 1713 patrem
764 1656 976 1699 Abraham
1001 1656 1117 1698 diues
1143 1654 1225 1706 ille,
1252 1669 1347 1697 cum
1372 1655 1414 1697 in
1441 1655 1659 1697 tormentis
1686 1661 1808 1704 esset,

225 1722 412 1778 agnouit,
450 1723 517 1765 cui
557 1722 693 1778 figura
724 1722 906 1777 corporis
939 1722 1026 1764 eius
1064 1735 1147 1763 non
1187 1726 1278 1763 erat
1315 1728 1432 1771 nota,
1472 1721 1588 1763 cuius
1627 1720 1807 1775 corporis

227 1787 543 1831 similitudinem
578 1789 771 1844 quamuis
808 1788 1091 1843 incorpore-am
1127 1787 1267 1842 potuit
1301 1786 1441 1829 anima
1477 1786 1667 1828 retinere.
1720 1786 1810 1840 quis

225 1857 366 1896 autem
398 1858 510 1897 recte
535 1854 648 1896 dicat
666 1867 709 1896 se
728 1853 909 1908 aliquem
930 1853 1139 1896 hominem
1160 1852 1416 1906 cognouisse,
1441 1852 1519 1893 nisi
1540 1852 1582 1893 in
1604 1857 1810 1906 quantum

227 1919 368 1974 potuit
388 1919 475 1962 eius
494 1920 626 1962 uitam
645 1919 990 1973 uoluntatemque
1009 1930 1268 1971 cognoscere,
1288 1930 1393 1972 quac
1415 1917 1559 1972 utique
1581 1916 1707 1958 moles
1728 1929 1810 1960 non

226 1984 358 2027 habet
392 1984 459 2027 uel
494 1984 682 2027 colores?
734 1985 791 2027 sic
825 1984 935 2026 enim
971 1988 1014 2025 et
1048 1996 1121 2025 nos
1156 1983 1266 2037 ipsos
1301 1982 1455 2024 certius
1491 1995 1616 2037 quam
1653 1986 1811 2023 ceteros

228 2050 435 2101 nouimuS‚
460 2050 560 2105 quia
581 2050 700 2092 nobis
724 2049 976 2092 conscientia
997 2053 1141 2090 nostra
1163 2052 1264 2090 nota
1288 2052 1352 2089 est
1376 2051 1418 2089 et
1441 2047 1651 2092 uoluntas,
1684 2059 1812 2101 quam

329 2161 350 2194 4
376 2158 476 2194 Vinc.
507 2158 645 2199 Victor:
672 2159 715 2194 cf.
744 2168 822 2204 pag.
850 2159 925 2200 341,
954 2157 996 2192 25
1101 2157 1122 2191 5
1149 2156 1192 2192 ci.
1220 2157 1303 2192 Luc.
1335 2159 1385 2200 16,
1413 2157 1455 2191 24
1563 2156 1662 2191 Vinc.
1692 2155 1814 2190 Victor

229 2218 273 2254 ci.
293 2217 310 2254 1
328 2218 437 2265 Regu.
457 2219 510 2261 28,
533 2220 575 2254 14
668 2219 708 2254 21
729 2218 772 2253 cf.
791 2217 874 2254 Luc.
895 2217 946 2260 16,
966 2218 1016 2254 23.
1036 2218 1077 2253 24

334 2298 350 2331 1
369 2295 459 2343 siue]
476 2296 569 2333 sicut
581 2296 615 2331 H
699 2296 719 2330 2
736 2294 920 2331 dilectatio
931 2295 959 2330 Ο
1047 2295 1084 2330 in
1102 2294 1166 2339 lin.
1186 2295 1290 2330 om.H
1368 2295 1390 2330 3
1406 2293 1542 2329 duxisti
1558 2292 1587 2326 B
1664 2303 1812 2339 uereque

229 2354 357 2392 dixisti
371 2357 472 2392 om.E
526 2358 547 2392 4
563 2366 707 2402 corpore
717 2356 916 2391 necassaria
927 2355 955 2390 Ο
1006 2354 1028 2389 5
1044 2357 1189 2401 equale
1205 2354 1308 2390 illaA
1365 2357 1406 2389 sa
1421 2353 1476 2389 uel
1488 2354 1521 2389 A
1536 2352 1670 2389 samuel
1682 2353 1779 2388 GEH
1784 2352 1812 2386 T

229 2415 252 2450 6
270 2415 346 2461 ipso
357 2416 391 2451 A
466 2415 693 2462 indumento]
710 2415 922 2452 uestimento
935 2414 953 2449 b
1038 2415 1057 2450 7
1075 2418 1195 2450 uestus
1206 2415 1235 2450 Ο
1311 2413 1454 2459 aparuit
1465 2413 1533 2449 AB
1609 2411 1771 2459 nunquid
1783 2414 1814 2447 A

230 2474 261 2510 si
270 2475 410 2511 animae
421 2475 450 2511 0
494 2476 516 2512 8
526 2476 685 2512 humoris
699 2474 849 2512 BGEHI
856 2475 886 2510 T
930 2474 1079 2511 deficere
1095 2473 1145 2509 BI
1192 2475 1214 2510 9
1224 2474 1448 2509 cruciebatur
1459 2474 1520 2509 GE
1568 2474 1608 2508 10
1618 2473 1653 2507 in
1666 2471 1785 2507 anima
1797 2472 1814 2505 b

230 2534 325 2571 sicut
339 2537 460 2581 potuit
474 2535 671 2582 apparuitb
762 2537 805 2571 13
820 2538 858 2570 et
873 2535 975 2571 om.A
1065 2534 1194 2580 porriit
1206 2535 1238 2570 A
1341 2535 1381 2569 14
1399 2533 1570 2568 formetur
1585 2533 1639 2577 (in
1658 2543 1723 2577 my.
1741 2531 1784 2566 al.
1801 2530 1813 2566 i

231 2594 456 2641 informetur)
466 2595 485 2631 b
532 2595 573 2631 16
583 2605 734 2631 exonore
745 2596 773 2631 C
787 2596 1023 2631 exhoneratae
1037 2592 1160 2630 BDIT
1205 2594 1378 2639 accipiam
1394 2593 1425 2627 B
1470 2594 1511 2628 17
1525 2591 1647 2637 bonas]
1659 2590 1769 2625 malas
1782 2591 1813 2625 A

231 2654 472 2701 interiopusA
534 2656 575 2692 18
591 2665 796 2702 cognoscere
807 2655 824 2690 b
887 2654 930 2690 19
943 2654 1019 2690 siue
1035 2653 1087 2690 bis
1100 2664 1180 2699 pon.
1195 2654 1224 2689 C
1285 2654 1321 2689 in
1338 2652 1440 2689 malis
1452 2652 1470 2686 I
1474 2652 1492 2687 b
1567 2652 1606 2686 21
1626 2655 1662 2686 et
1679 2649 1814 2685 omBD

233 2714 429 2751 habraham
441 2715 470 2751 0
573 2715 688 2752 diuies
701 2714 732 2749 B
837 2714 879 2750 22
896 2724 968 2750 non
982 2712 1052 2750 erit
1067 2713 1120 2750 bis
1137 2725 1216 2759 pon.
1239 2714 1267 2748 C
1378 2712 1422 2748 23
1438 2712 1641 2756 incorporea
1655 2709 1735 2744 BC!
1743 2709 1815 2744 de

234 2784 436 2820 corpoream
447 2775 484 2811 Η
573 2775 616 2811 25
634 2775 856 2811 uoluntatem
868 2774 901 2809 A
989 2773 1115 2810 molets
1128 2774 1162 2809 A
1252 2772 1294 2808 26
1312 2771 1381 2818 uel]
1398 2783 1460 2807 nec
1472 2772 1501 2806 C
1585 2769 1713 2805 coleres
1725 2769 1812 2804 Dm1

233 2833 285 2881 et]
309 2838 351 2870 ut
369 2834 403 2870 A
476 2834 608 2872 certius
632 2845 742 2882 quam
766 2833 915 2871 om.lm1
995 2833 1037 2869 27
1057 2833 1208 2869 nolimus
1230 2834 1262 2868 A
1344 2831 1493 2867 scientia
1512 2830 1546 2865 A
1570 2829 1766 2865 contientia
1787 2828 1816 2864 C
