2028 3204
756 201 844 238 uber
870 201 905 238 11
939 203 971 244 7,
1007 201 1129 244 11-9,
1165 201 1208 238 13
1689 190 1770 234 347

196 328 381 373 tionem‘.
429 328 471 372 in
513 330 630 372 cuius
670 327 941 371 redemtionis
981 331 1244 371 sacramento
1277 326 1442 383 paruuli
1489 326 1773 384 baptizantur.

198 400 244 439 ut
275 395 473 439 abluatur
506 393 703 451 originale
736 399 968 451 peccatum,
1003 393 1117 450 quod
1148 393 1200 435 de
1232 406 1355 437 carne
1387 396 1628 444 traxerunt;
1656 393 1776 449 quasi

196 461 311 505 facta
357 474 432 504 sua
478 462 579 504 deus
628 460 833 513 emendet,
883 459 994 517 quod
1043 473 1111 502 eas
1144 457 1329 504 insontes
1362 459 1518 502 fecerat
1550 458 1773 514 inquinari.

196 526 268 570 sed
300 531 577 582 posteaquam
610 532 785 571 uentum
818 531 893 578 est,
937 531 985 569 ut
1017 526 1068 569 de
1100 525 1178 568 illis
1220 525 1472 581 loqueretur,
1516 524 1667 581 quibus
1700 525 1775 568 tali

149 605 166 633 τι
196 606 278 636 non
310 593 560 637 subuenitur
592 591 748 636 auxilio
782 598 824 635 et
857 597 1087 648 antequam
1136 591 1404 647 baptizentur
1452 592 1686 647 exspirant:
1728 591 1776 634 in

195 659 278 710 hoc,
313 659 463 716 inquit,
507 660 589 703 loco
619 672 702 702 mm
733 671 795 701 me
825 658 944 714 quasi
984 663 1183 701 auctorem
1213 658 1400 713 spondeo,
1443 658 1512 701 sed
1543 657 1700 712 aliquid
1730 657 1779 700 de

197 724 377 780 exemplo
408 725 574 769 conicio.
622 724 844 768 habendam
875 724 1049 767 dicimus
1081 723 1129 766 de
1159 724 1389 778 infantibus
1421 724 1541 767 istius
1573 723 1683 766 modi
1714 737 1779 766 ra-

198 791 357 842 tionem,
385 791 456 846 qui
480 790 769 846 praedestinati
793 790 993 845 baptis-mo
1018 790 1129 834 uitae
1153 790 1388 845 praesentis,
1418 794 1631 845 antequam
1661 802 1779 832 rena-

196 862 359 901 scantur
391 857 438 900 in
470 857 645 907 Christo,
680 857 1002 912 praeueniuntur
1034 855 1209 899 occiduo.
1253 856 1421 912 leqimus
1469 856 1590 907 enim,
1626 855 1777 911 inquit,

130 935 169 964 ιο
196 923 244 966 de
291 921 438 967 talibus
484 923 703 978 scriptum:
765 927 982 977 raptus
1030 927 1135 973 est,
1191 935 1257 965 ne
1302 922 1552 965 malitia
1600 926 1780 964 mutet

198 987 386 1032 illius
427 987 818 1032 intellectum
859 993 958 1031 aut
1007 1001 1073 1030 ne
1113 988 1299 1042 fictio
1339 988 1619 1042 decipiat
1660 989 1780 1030 ani-

197 1069 336 1098 mam
366 1055 513 1098 eiua.
543 1059 792 1110 propter
822 1055 924 1098 hoc
954 1054 1323 1109 properauit
1354 1054 1417 1096 de
1448 1053 1637 1097 medio
1668 1054 1781 1095 ini-

199 1121 470 1176 quitatis
510 1121 688 1164 illum
729 1120 1005 1174 educere‚·
1043 1121 1286 1175 placita
1326 1120 1480 1163 enim
1522 1124 1649 1162 erat
1679 1119 1781 1162 deo

199 1187 400 1230 anima
440 1187 594 1238 eius,
627 1191 684 1229 et:
720 1190 1169 1230 consummatus
1203 1188 1263 1229 in
1295 1186 1467 1228 breui
1506 1186 1782 1240 repleuit

132 1265 169 1294 15
199 1257 465 1308 tempora
512 1252 710 1308 lonqa.
760 1252 851 1308 quis
894 1252 1022 1296 istum
1064 1251 1312 1309 dedignetur
1345 1252 1497 1295 habere
1530 1251 1779 1296 doctorem?

200 1333 350 1375 ergone
392 1319 569 1375 paruuli,
620 1332 723 1375 quos
765 1319 1010 1375 plerumque
1052 1318 1201 1362 uolunt
1244 1319 1432 1361 homines
1474 1318 1683 1373 baptizari
1725 1323 1780 1362 et.

199 1386 301 1428 dum
334 1385 527 1436 curritur,
562 1390 660 1428 ante
692 1386 942 1437 moriuntur,
975 1385 1009 1428 si
1043 1385 1356 1428 retardarentur
1389 1385 1431 1427 in
1463 1385 1547 1427 ista
1561 1384 1780 1440 paululum

201 1451 303 1503 uita,
338 1457 385 1494 ut
417 1450 623 1507 baptizati
671 1451 870 1496 continuo
919 1456 1192 1502 morerentur,
1244 1450 1409 1493 malitia
1440 1455 1626 1493 mutaret
1662 1450 1783 1493 intel-

199 1516 355 1560 lectum
389 1531 530 1560 eorum
563 1522 605 1560 et
637 1517 755 1560 fictio
787 1517 998 1573 deciperet
1031 1517 1215 1561 animam
1248 1530 1391 1560 eorum
1433 1522 1488 1568 et,
1532 1531 1583 1559 ne
1616 1518 1693 1560 hoc
1725 1517 1783 1559 eis

131 1597 173 1626 20
201 1583 473 1639 contingeret,
503 1583 758 1626 subuentum
788 1588 850 1626 est
879 1583 972 1635 illis,
995 1589 1044 1626 ut
1077 1588 1175 1627 ante
1206 1588 1452 1639 raperentur
1486 1597 1611 1639 quam
1645 1582 1784 1639 bapti-

201 1649 429 1693 zarentur?
462 1649 506 1692 in
537 1649 627 1705 ipso
659 1663 755 1706 ergo
788 1649 1045 1706 baptismate
1078 1655 1344 1694 mutarentur
1375 1650 1419 1692 in
1451 1650 1568 1705 peius
1599 1654 1641 1691 ct
1676 1649 1783 1691 ficti-

203 1728 279 1758 one
323 1715 627 1771 deciperentur,
676 1716 710 1758 si
755 1721 851 1772 post
898 1716 1111 1772 baptisma
1152 1720 1411 1771 raperentur.
1462 1730 1485 1758 o
1519 1715 1784 1758 ammiranda

203 1787 331 1839 atque
363 1782 575 1831 sectanda,
610 1780 739 1824 immo
781 1794 879 1824 uero
911 1782 1165 1826 detestanda
1195 1787 1239 1825 et
1271 1782 1526 1825 exsecranda
1565 1781 1781 1824 doctrina!

203 1850 273 1892 sed
308 1848 385 1890 hoc
416 1848 468 1890 de
501 1852 642 1890 uestra
682 1848 919 1903 prudentia,
963 1849 1034 1903 qui
1075 1848 1271 1897 affuistis,
1317 1862 1411 1891 cum
1452 1847 1662 1898 recitaret,
1705 1847 1785 1890 iste

133 1927 173 1956 25
203 1913 483 1970 praesumpsit
538 1918 580 1956 et
627 1914 679 1956 de
727 1918 803 1957 tua
859 1914 1055 1965 maxime,
1122 1916 1174 1957 ad
1229 1927 1353 1970 quem
1403 1913 1569 1968 scripsit
1624 1919 1665 1956 et
1718 1914 1784 1956 cui

204 1980 405 2023 recitatos
445 1979 572 2022 libros
620 1979 812 2031 tradidit,
855 1986 903 2023 ut
941 1980 1173 2023 credituros
1214 1994 1289 2023 uos
1334 1993 1421 2022 esse
1463 1979 1693 2022 confideret
1733 1980 1786 2022 de

204 2060 287 2089 non
347 2045 576 2101 baptizatis
635 2045 870 2088 infantibus
919 2059 1006 2088 esse
1066 2046 1282 2102 scriptum,
1341 2046 1451 2102 quod
1503 2046 1554 2088 de
1597 2044 1784 2087 omnium

207 2117 449 2154 sanctorum
480 2110 704 2154 inmaturis
746 2111 959 2155 aetatibus
1000 2112 1204 2167 scriptum
1238 2117 1314 2161 est,
1358 2124 1452 2154 cum
1486 2111 1637 2167 quibus
1677 2111 1787 2154 male

195 2183 337 2221 actum
398 2177 520 2220 stulti
583 2177 855 2230 arbitrantur,
922 2177 955 2221 si
1016 2178 1069 2220 de
1131 2179 1210 2221 hac
1273 2178 1364 2221 uita
1426 2177 1612 2219 celeriter
1671 2178 1783 2233 rapti

296 2274 318 2309 5
337 2272 435 2309 Vinc.
454 2271 576 2308 Victor
671 2274 714 2309 10
731 2272 814 2319 Sap.
833 2275 865 2315 4,
886 2275 939 2309 11.
962 2275 1003 2309 14
1047 2307 1049 2309 ,
1115 2276 1157 2310 14
1172 2273 1256 2321 Sap.
1274 2276 1306 2316 4,
1329 2274 1370 2310 13

298 2347 314 2380 1
334 2344 709 2391 paruuli-traxerunt
723 2356 787 2381 om.
801 2346 834 2380 A
902 2347 922 2381 2
939 2345 1169 2391 abluanturG
1228 2349 1457 2382 cotraxerunt
1469 2345 1501 2381 E
1555 2347 1577 2382 3
1591 2345 1748 2382 fecerent
1759 2346 1787 2379 C

205 2405 227 2440 5
244 2403 408 2451 expirant
420 2405 452 2440 A
498 2406 518 2441 7
539 2403 671 2441 conitio
683 2406 715 2440 A
730 2404 914 2441 coniceoE
959 2404 1178 2442 instantibus
1191 2404 1314 2442 BCFG
1361 2398 1604 2442 huiusmodi'E‘
1649 2407 1670 2442 8
1688 2416 1786 2452 prae·

209 2463 398 2500 distinanti
414 2464 443 2499 Ο
500 2465 545 2501 10
561 2464 705 2501 malicia
717 2468 795 2501 utet
807 2466 839 2501 A
895 2468 1053 2502 mutaret
1066 2464 1221 2502 BCEFG
1281 2468 1322 2502 11
1341 2465 1423 2512 aut]
1439 2469 1482 2502 ut
1497 2466 1531 2502 D
1573 2465 1752 2512 deciperet
1763 2466 1785 2500 d

214 2525 257 2560 13
270 2523 335 2560 deo
348 2528 427 2560 erat
437 2524 460 2560 d
528 2526 572 2561 14
586 2524 749 2561 animaA
813 2524 971 2572 expleuit
982 2525 1013 2562 Ε
1082 2526 1123 2562 15
1137 2525 1254 2573 longa]
1268 2526 1384 2562 multa
1399 2526 1431 2562 Ε
1502 2525 1543 2562 16
1556 2526 1737 2572 baptizare
1749 2526 1784 2561 D

214 2585 256 2620 17
267 2583 534 2622 retradarentur
545 2584 574 2620 G
619 2585 803 2631 paululum
814 2584 850 2621 in
860 2585 930 2621 ista
940 2585 973 2621 E
1022 2586 1066 2622 19
1077 2598 1129 2632 pr.
1141 2585 1280 2622 illorum
1292 2586 1334 2622 bd
1380 2585 1451 2622 eds
1461 2587 1499 2632 (g
1510 2589 1570 2631 er.)
1585 2586 1616 2620 A
1665 2586 1708 2622 20
1718 2584 1784 2620 illis

207 2646 262 2680 est
272 2642 421 2681 Roma
464 2648 676 2691 raparentur
690 2645 719 2680 Ο
765 2655 874 2692 quam
890 2645 1161 2692 baptizarentur
1175 2646 1274 2682 omo
1329 2647 1372 2682 22
1384 2645 1671 2692 si—-raperentur
1687 2644 1786 2680 om.C

212 2704 464 2750 reparenturE
509 2705 553 2742 23
563 2704 672 2741 immo
683 2705 1031 2742 uero-exsecranda
1046 2717 1111 2743 om.
1125 2704 1290 2742 BCFde
1337 2707 1377 2742 24
1392 2705 1581 2742 recitareE
1627 2704 1695 2749 iste
1706 2706 1750 2750 (s.
1765 2714 1785 2749 c

209 2763 286 2800 aad.
295 2763 386 2810 2)F‚
394 2774 414 2800 e
424 2775 466 2801 ex
474 2764 533 2801 aG
565 2764 609 2802 25
617 2764 678 2801 ale.
688 2764 740 2812 et]
750 2767 792 2801 ut
802 2765 831 2801 G
865 2765 909 2802 26
919 2765 1029 2802 libros
1038 2766 1136 2803 omF
1167 2764 1364 2802 credituros
1374 2765 1452 2812 uos]
1464 2761 1619 2801 creditus
1628 2775 1711 2800 suos
1724 2763 1785 2800 BG

212 2821 368 2860 creditur
376 2834 458 2860 suos
470 2824 530 2860 CF
587 2825 629 2861 27
642 2815 720 2861 fide
729 2824 761 2861 Ε
816 2825 860 2861 28
869 2824 1058 2862 inmutatis
1069 2825 1127 2862 OG
1138 2825 1173 2861 in
1185 2824 1336 2862 maturis
1346 2824 1366 2861 b
1425 2828 1478 2861 est
1489 2824 1589 2861 οηιΕ
1647 2824 1691 2861 29
1703 2835 1744 2860 ac
1755 2823 1786 2859 0
