1976 3210
80 937 120 966 10

83 1266 120 1297 15

79 1927 121 1958 25

719 205 809 242 liber
835 205 851 242 1
878 206 932 249 11,
955 207 1099 250 13-12‚
1126 209 1167 244 15
1675 201 1727 245 15

256 333 319 375 14.
352 331 446 375 Sed
477 344 588 384 non,
613 331 764 389 inquit,
795 331 930 375 sicut
958 332 1204 376 delictum
1243 333 1316 376 ita
1353 338 1402 377 et
1430 334 1661 387 donatio;
1691 336 1731 378 si

147 397 281 441 enim
305 397 364 441 ob
390 397 542 441 unius
564 397 812 441 delictum
838 398 988 441 multi
1012 399 1201 442 mortui
1223 404 1358 450 sunt,
1386 400 1547 443 multo
1574 402 1730 458 magis

146 463 313 520 gratia
335 463 414 506 dei
439 468 487 507 et
511 464 701 507 donum
725 464 777 507 in
799 465 966 521 gratia
992 465 1144 507 unius
1168 465 1389 509 hominis
1410 467 1523 509 Iesu
1543 467 1728 510 Christi

146 529 198 572 in
231 529 418 572 multos
449 529 759 573 abundauit:
786 545 870 574 non
897 531 1040 587 ‘magis
1065 531 1249 583 multos‘‚
1276 531 1316 574 id
1343 537 1406 574 est
1431 533 1565 576 multo
1591 533 1729 589 plures

147 595 396 639 homines—
416 609 550 652 neque
571 596 682 640 enim
702 596 838 653 plures
859 596 1144 640 iustificantur
1165 611 1292 653 quam
1311 599 1646 642 condemnantur
1666 626 1730 651 —‚

146 662 217 706 sed
243 661 389 705 ‘multo
410 663 542 718 magis
564 662 828 706 abundauit‘.
853 663 988 706 Adam
1012 663 1166 719 quippe
1189 678 1241 706 ex
1262 678 1346 706 uno
1368 678 1442 707 suo
1465 665 1618 708 delicto
1640 680 1731 709 reos

145 728 310 785 genuit;
334 728 521 771 Christus
543 734 686 772 autem
707 729 837 772 etiam
860 743 967 784 quae
989 729 1175 772 homines
1198 725 1353 772 delicta
1373 731 1564 786 propriae
1587 732 1732 774 uolun-

146 794 249 837 tatis
280 794 332 837 ad
364 794 573 850 originale,
606 795 648 838 in
679 808 761 851 quo
792 795 883 840 nati
913 800 1025 847 sunt,
1058 795 1311 838 addiderunt
1334 796 1473 852 gratia
1502 810 1578 840 sua
1607 798 1733 840 soluit

147 864 275 915 atque
301 861 491 913 donauit,
520 862 632 917 quod
659 861 895 904 euidentius
922 862 964 904 in
991 862 1343 917 consequentibus
1370 862 1484 905 dicit.

254 926 355 969 XII.
382 927 442 970 15.
467 927 622 969 Verum
642 927 743 970 illud
766 927 1008 983 diligentius
1030 928 1205 980 intuere,
1230 929 1340 983 quod
1364 929 1424 971 ait
1446 928 1498 970 ob
1521 928 1642 971 unius
1664 929 1733 971 de-

147 991 293 1034 lictum
318 992 473 1036 multos
498 998 699 1036 mortuos.
742 1007 814 1036 cur
840 994 950 1037 enim
976 993 1029 1036 ob
1055 994 1176 1036 unius
1203 993 1311 1036 illius
1337 999 1379 1036 et
1404 1008 1488 1038 non
1512 995 1654 1050 potius
1681 994 1734 1037 ob

145 1057 301 1100 delicta
325 1072 402 1102 sua
426 1059 606 1116 propria,
634 1059 667 1102 si
694 1060 772 1102 hoc
797 1059 887 1103 loco
912 1059 1193 1115 intellegenda
1218 1065 1281 1102 est
1306 1059 1503 1111 imitatio,
1531 1075 1615 1104 non
1642 1074 1735 1116 pro-

147 1124 344 1180 pagatio?
387 1126 457 1168 sed
485 1126 667 1169 adtende
694 1126 804 1181 quod
833 1126 1040 1182 sequitur:
1076 1130 1124 1168 et
1158 1138 1256 1167 non
1289 1126 1423 1168 sicut
1458 1140 1543 1182 per
1577 1141 1602 1169 u
1616 1140 1733 1168 num

148 1195 444 1245 peccantem
485 1191 558 1234 ita
592 1196 667 1234 est
691 1197 740 1234 et
773 1192 983 1244 donum;
1028 1205 1141 1234 nam
1166 1191 1416 1234 iudicium
1445 1194 1649 1247 quidem
1675 1207 1735 1235 ex

150 1269 247 1298 uno
270 1256 321 1299 in
343 1257 841 1310 condemnationem,
865 1258 1031 1314 gratia
1052 1262 1223 1299 autem
1248 1272 1308 1300 ex
1332 1258 1508 1300 multis
1530 1258 1734 1301 delictis

144 1322 196 1364 in
222 1322 535 1366 iustificatio
548 1337 669 1367 nem.
708 1338 820 1367 nunc
839 1325 996 1375 dicant,
1019 1323 1091 1366 ubi
1112 1324 1249 1367 locum
1271 1324 1426 1367 habeat
1446 1324 1489 1367 in
1511 1325 1572 1367 his
1596 1324 1732 1367 uerbis

146 1387 218 1430 illa
243 1388 438 1432 imitatio.
488 1404 549 1432 ex
583 1403 693 1440 uno,
722 1390 872 1446 inquit,
907 1391 958 1433 in
990 1390 1495 1433 condemnationem:
1525 1405 1606 1446 quo
1635 1405 1731 1439 uno,

149 1454 226 1496 nisi
248 1454 427 1497 delicto?
452 1455 529 1498 hoc
551 1455 661 1498 enim
684 1456 897 1512 explanat,
922 1469 1016 1499 cum
1040 1456 1249 1511 adiungit:
1278 1457 1445 1511 gratia
1472 1462 1644 1499 autem
1674 1471 1734 1499 ex

147 1519 323 1563 multis
350 1520 552 1564 delictis
579 1522 630 1564 in
656 1522 1103 1565 iustificationem.
1143 1537 1216 1566 cur
1237 1536 1332 1578 ergo
1353 1523 1555 1565 iudicium
1577 1537 1628 1565 ex
1650 1537 1734 1565 uno

147 1585 300 1630 delicto
326 1586 367 1629 in
394 1588 800 1640 condemnationem,
827 1588 965 1644 gratia
989 1602 1087 1631 uero
1114 1603 1165 1632 ex
1191 1588 1335 1631 multis
1361 1588 1523 1631 delictis
1549 1589 1591 1630 in
1618 1589 1737 1631 iusti-

148 1651 416 1696 ficationem?
455 1667 606 1705 nonne,
630 1654 665 1696 si
687 1654 848 1697 nullum
871 1659 935 1697 est
959 1654 1155 1712 originale
1177 1654 1391 1706 delictum,
1416 1669 1500 1698 non
1523 1655 1658 1697 solum
1682 1655 1733 1696 ad

147 1718 492 1763 iustificationem
531 1720 681 1776 gratia,
723 1721 795 1763 sed
837 1721 966 1763 etiam
1006 1720 1206 1764 iudicium
1249 1721 1301 1763 ad
1344 1721 1736 1766 condemnationem

149 1799 201 1827 ex
223 1785 367 1828 multis
389 1785 552 1829 delictis
577 1786 763 1830 homines
787 1786 929 1829 ducit?
969 1800 1105 1843 neque
1129 1787 1239 1829 enim
1262 1787 1396 1842 gratia
1422 1786 1559 1829 multa
1582 1786 1737 1829 delicta

147 1851 279 1894 donat
295 1856 337 1894 et
350 1865 435 1895 non
450 1852 578 1894 etiam
593 1852 793 1895 iudicium
807 1853 943 1895 multa
955 1853 1111 1896 delicta
1124 1853 1390 1896 condemnat.
1408 1858 1484 1904 aut
1499 1853 1534 1895 si
1548 1857 1738 1908 propter-

150 1930 200 1959 ea
215 1930 266 1959 ex
298 1931 382 1960 uno
399 1917 552 1961 delicto
569 1918 612 1961 in
630 1919 1022 1962 condemnationem
1039 1920 1264 1969 ducuntur,
1285 1919 1384 1973 quia
1410 1918 1552 1961 omnia
1568 1918 1735 1964 delicta,

151 1996 257 2038 quae
273 1984 618 2036 condemnantur,
636 1998 688 2027 ex
703 1985 825 2028 unius
841 1985 951 2027 illius
966 1985 1203 2027 imitatione
1220 1984 1442 2027 commissa
1457 1989 1570 2034 sunt,
1589 1984 1734 2026 eadem

150 2061 275 2091 causa
295 2053 371 2100 est,
397 2062 469 2092 cur
493 2063 545 2092 ex
568 2063 651 2094 uno
675 2050 827 2094 delicto
851 2051 980 2094 etiam
1004 2051 1057 2093 ad
1082 2050 1426 2093 iustificationem
1459 2049 1556 2092 duci
1580 2049 1738 2092 intelle-

248 2210 263 2244 1
285 2210 387 2246 Rom.
406 2211 440 2253 5,
459 2211 501 2246 15
640 2211 785 2247 6multo
802 2210 914 2257 magis
930 2210 1144 2257 abundauit]
1163 2211 1207 2247 cf.
1227 2211 1292 2258 Op.
1311 2210 1395 2257 imp.
1417 2221 1446 2246 c.
1471 2210 1537 2246 Iul.
1560 2210 1597 2245 ΙΙ
1617 2211 1670 2245 85.
1693 2210 1736 2245 96

157 2268 269 2314 (XLV
292 2270 388 2306 1176.
413 2271 500 2306 1179
521 2269 573 2315 M)
668 2271 710 2307 13
731 2271 833 2307 Rom.
854 2272 887 2314 5,
910 2271 952 2307 16

241 2401 264 2435 3
280 2399 316 2435 in
327 2400 478 2447 gratiam
489 2401 636 2437 LSle
641 2402 674 2437 P
799 2403 820 2438 4
831 2401 1031 2439 abundabit
1041 2402 1085 2438 M
1208 2401 1375 2448 plurimos
1384 2402 1467 2437 Gml
1599 2401 1619 2435 6
1630 2400 1736 2436 abun·

159 2458 262 2496 dabit
272 2459 347 2495 GM
393 2460 522 2496 delicto
532 2472 596 2497 suo
608 2461 650 2497 bd
695 2460 764 2506 7513
773 2461 932 2498 homines
944 2461 977 2498 P
1022 2461 1182 2509 propriae
1192 2461 1294 2507 (tatis
1306 2461 1443 2504 ernam
1499 2461 1521 2496 8
1532 2459 1696 2506 originale
1707 2460 1738 2495 A

158 2520 197 2556 11
217 2530 308 2566 quur
332 2530 465 2566 semper
488 2522 556 2566 jere
581 2521 612 2557 L
733 2521 826 2557 illius
857 2521 961 2558 unius
994 2533 1013 2557 ε
1145 2521 1248 2556 unius
1274 2521 1330 2557 m2
1357 2532 1385 2557 3.
1413 2532 1489 2565 exp.
1523 2519 1687 2555 meritum
1711 2520 1739 2554 G

157 2577 249 2614 illius
262 2589 326 2615 om.
342 2579 426 2616 ΟΜ]
430 2580 474 2616 Μ
530 2581 573 2617 13
583 2580 670 2627 quid
682 2580 719 2616 K
767 2580 859 2617 sicut
870 2581 1037 2617 delictum
1049 2581 1131 2627 (del.
1144 2580 1269 2626 s.l.m3)
1282 2591 1342 2627 per
1354 2591 1462 2615 unum
1476 2583 1694 2626 peccatorem
1708 2578 1738 2612 V

159 2638 202 2675 16
212 2637 335 2675 dicant
345 2649 374 2675 ε.
385 2650 453 2676 ωε.
465 2640 550 2676 Dm]
631 2640 786 2677 habcaet
794 2641 831 2676 K
842 2641 999 2677 habeant
1008 2640 1038 2676 0
1123 2642 1164 2676 17
1177 2640 1213 2675 in
1224 2651 1294 2687 quo
1304 2640 1348 2675 M
1415 2641 1458 2676 18
1467 2638 1648 2684 subiungit
1654 2638 1738 2673 Gml

154 2696 318 2744 adiungit
327 2698 389 2745 (ad
399 2699 438 2735 in
448 2699 559 2746 ras.)S
637 2699 758 2736 multis
768 2710 813 2736 ex
822 2700 859 2736 K
919 2701 962 2737 19
971 2700 1047 2747 cur]
1058 2699 1144 2747 quid
1154 2700 1198 2736 M
1286 2710 1349 2746 ego
1360 2698 1392 2734 V
1477 2699 1520 2734 20
1531 2708 1613 2733 uero
1623 2708 1649 2733 s.
1662 2708 1739 2742 exp.

153 2760 242 2794 tute
269 2757 357 2794 0m2
447 2759 491 2795 22
521 2758 675 2806 gratiam
707 2759 737 2796 0
811 2761 855 2797 24
887 2759 1174 2796 donat—delicta
1205 2770 1270 2795 om.
1306 2759 1337 2794 V
1414 2759 1456 2794 25
1489 2757 1665 2793 ducantur
1696 2756 1739 2791 Μ

154 2816 198 2853 26
221 2815 314 2854 illius
337 2816 441 2854 unius
463 2829 483 2855 ε
492 2818 652 2855 ΚΑΜΜ
741 2820 784 2856 27
810 2822 865 2856 est
888 2819 1037 2856 s.1.m2K
1128 2829 1191 2854 cur
1213 2829 1286 2854 non
1309 2818 1344 2854 A
