2028 3204
145 930 185 960 10

141 1258 181 1289 15

136 1587 179 1617 20

797 200 886 236 liber
918 200 974 236 111
1005 201 1035 244 7,
1069 200 1203 236 22—23
1714 189 1794 232 515

322 327 386 370 23.
418 326 696 377 Quamobrem
719 325 791 382 qui
814 326 1042 369 secundum
1065 325 1283 376 iustitiam,
1305 339 1411 382 quae
1435 326 1479 368 in
1498 325 1584 382 lege
1607 330 1685 379 est,
1710 325 1797 369 sine

217 391 301 435 fide
314 391 469 448 gratiae
481 391 632 434 Christi
652 391 773 443 uiuit,
794 391 901 435 sicut
920 405 962 434 se
981 391 1194 453 apostolus
1215 391 1302 434 sine
1315 391 1496 447 querella
1513 391 1665 435 uixisse
1684 405 1796 435 com-

214 463 430 509 memorat,
470 458 628 500 nullam
656 470 799 500 ueram
826 458 1035 513 putandus
1064 462 1127 500 est
1155 458 1306 500 habere
1336 457 1552 509 iustitiam,
1585 471 1668 501 non
1697 458 1797 514 quia

215 523 280 566 lex
305 536 405 566 uera
429 528 472 566 et
496 529 641 566 sancta
664 536 748 566 non
774 528 851 575 est,
878 523 949 566 sed
975 523 1075 580 quia
1098 523 1290 566 oboedire
1318 523 1421 566 uelle
1447 524 1608 567 litterae
1635 524 1794 567 iubenti

217 589 302 632 sine
333 589 575 632 uiuificante
605 589 752 645 spiritu
774 589 839 632 dei
870 589 999 632 ueluti
1029 603 1080 632 ex
1110 589 1266 632 uiribus
1296 589 1413 631 liberi
1443 590 1602 633 arbitrii
1634 590 1796 633 iustitIa

217 668 315 698 uera
331 668 413 697 non
431 662 506 698 est.
530 655 691 698 iustitia
707 668 817 706 uero,
836 655 1062 698 secundum
1081 669 1207 711 quam
1226 655 1359 698 iustus
1377 670 1426 697 ex
1448 656 1531 698 fide
1551 656 1671 707 uiuit,
1693 670 1794 712 quo-

213 720 325 763 niam
337 734 409 776 per
420 721 609 776 spiritum
621 721 778 776 gratiae
791 721 947 764 homini
959 735 1010 763 ex
1022 721 1099 764 deo
1114 726 1192 772 est,
1206 734 1303 764 uera
1315 721 1477 764 iustitia
1488 728 1564 765 est.
1579 736 1683 777 quae
1696 722 1794 765 licet

212 799 296 829 non
330 786 521 830 inmerito
556 787 598 829 in
632 786 838 842 aliquibus
874 787 994 830 iustis
1026 800 1100 843 pro
1134 787 1257 830 huius
1292 787 1402 830 uitae
1435 788 1668 843 capacitate
1704 801 1792 843 per-

214 852 324 895 fecta
341 852 504 904 dicitur,
523 865 653 908 parua
669 858 810 896 tamen
827 858 890 895 est
908 853 962 896 ad
980 853 1094 895 illam
1110 866 1318 908 magnam,
1338 866 1464 908 quam
1481 853 1593 909 capit
1611 854 1791 910 aequali-

215 924 281 961 tas
308 918 558 974 angelorum.
590 931 715 974 quam
745 918 815 974 qui
844 919 1028 962 nondum
1054 919 1251 970 habebat,
1279 923 1322 961 et
1350 924 1518 975 propter
1544 919 1658 962 illam
1686 934 1792 975 quae

213 984 295 1027 iam
351 984 485 1027 inerat
534 984 762 1040 perfectum
816 989 858 1027 et
907 990 1074 1041 propter
1124 984 1246 1029 istam
1312 998 1418 1041 quae
1473 985 1610 1028 adhuc
1650 986 1792 1028 deerat

213 1049 486 1105 inperfectum
508 1064 549 1092 se
571 1064 656 1092 esse
674 1050 851 1093 dicebat.
873 1051 944 1093 sed
966 1051 1086 1106 plane
1108 1050 1242 1093 minor
1263 1050 1344 1093 ista
1365 1051 1528 1094 iustitia
1549 1051 1650 1094 facit
1671 1051 1791 1094 meri-

211 1121 314 1166 tum,
327 1115 460 1158 maior
472 1115 542 1158 illa
563 1115 612 1158 fit
634 1115 876 1171 praemium.
898 1117 1008 1159 unde
1021 1116 1090 1172 qui
1111 1116 1235 1159 istam
1255 1130 1337 1159 non
1358 1117 1556 1173 sequitur,
1570 1117 1684 1160 illam
1707 1131 1787 1160 non

209 1181 462 1237 adsequitur.
496 1181 688 1237 quocirca
717 1187 812 1237 post
842 1183 1180 1225 resurrectionem
1217 1183 1393 1226 hominis
1426 1183 1610 1226 futuram
1642 1197 1789 1239 negare

212 1246 396 1290 iustitiae
424 1247 723 1303 plenitudinem
751 1253 794 1290 et
820 1254 968 1303 putare
996 1254 1160 1291 tantam
1188 1249 1372 1291 futuram
1400 1262 1484 1291 esse
1512 1249 1718 1292 iustitiam
1747 1249 1788 1292 in

209 1326 376 1368 corpore
400 1313 512 1355 uitae
537 1313 658 1365 illius,
680 1319 838 1369 quanta
861 1328 947 1357 esse
972 1319 1111 1369 potest
1135 1314 1177 1356 in
1202 1328 1367 1370 corpore
1392 1315 1535 1357 mortis
1559 1315 1696 1367 huius,
1721 1316 1790 1358 de·

207 1378 387 1421 montiae
411 1379 627 1434 singularis
656 1385 730 1422 est.
777 1393 858 1422 non
886 1385 1027 1422 autem
1056 1380 1137 1422 illic
1165 1380 1342 1436 incipere
1372 1381 1558 1423 homines
1587 1395 1692 1437 quae
1722 1382 1789 1424 hic

208 1444 416 1487 noluerint
452 1444 517 1487 dei
554 1445 756 1488 mandata
805 1446 993 1501 conplere
1031 1446 1290 1489 uerissimum
1326 1452 1400 1489 est.
1439 1447 1516 1489 erit
1551 1447 1661 1490 enim
1698 1461 1788 1503 pcr-

210 1510 458 1553 fectissimae
487 1510 699 1566 plenitudo
727 1511 912 1558 iustitiae
955 1525 1035 1554 non
1063 1517 1204 1554 tamen
1231 1512 1446 1555 hominum
1474 1514 1675 1556 mandata
1702 1528 1786 1556 sec-

211 1576 394 1618 tantium
414 1581 456 1618 et
482 1576 536 1619 ad
560 1590 653 1619 eam
679 1576 976 1632 plenitudinem
1003 1577 1254 1633 proficiendo
1281 1578 1518 1630 nitentium,
1534 1579 1604 1621 sed
1631 1579 1672 1621 in
1700 1579 1785 1622 ictu

206 1642 325 1693 oculi,
348 1642 455 1684 sicut
476 1642 566 1698 ipsa
584 1642 726 1685 futura
746 1648 808 1685 est
830 1643 1072 1686 resurrectio
1094 1649 1365 1696 mortuorum,
1388 1645 1584 1700 quoniam
1606 1645 1677 1687 illa
1697 1659 1786 1701 per-

206 1707 314 1750 fecta
339 1707 583 1763 magnitudo
610 1708 795 1751 iustitiae
822 1709 877 1751 eis
905 1709 976 1765 qui
1012 1709 1078 1752 hic
1113 1710 1315 1753 mandata
1341 1710 1527 1753 fecerunt
1554 1712 1783 1766 praemium

203 1773 384 1825 dabitur,
407 1787 489 1816 non
511 1779 554 1816 et
575 1774 664 1829 ipsa
684 1774 873 1817 facienda
892 1775 1171 1818 mandabitur.
1203 1776 1274 1818 scd
1295 1775 1354 1818 ita
1375 1776 1550 1819 dixerim
1572 1778 1787 1820 ‘mandata

205 1839 419 1890 fecerunt‘,
451 1844 500 1882 ut
530 1839 620 1895 ipsa
652 1840 852 1883 mandata
881 1841 1188 1884 meminerimus
1219 1842 1424 1897 pertinere
1455 1843 1509 1885 ad
1540 1843 1783 1893 orationem,

159 1916 174 1943 .·ι
205 1904 247 1946 in
277 1918 360 1960 qua
389 1904 540 1948 cotidie
567 1905 768 1958 ueraciter
797 1906 941 1949 dicunt
970 1907 1102 1949 sancti
1133 1907 1207 1949 filii
1238 1908 1515 1963 promissionis
1547 1914 1607 1951 et:
1649 1897 1678 1950 ‘f
1694 1909 1705 1950 i
1723 1916 1783 1951 at

205 1970 505 2013 uoluntas
540 1976 658 2022 tua,
686 1976 745 2013 et:
788 1971 1041 2014 dimitte
1080 1972 1257 2015 nobis
1298 1973 1515 2016 debita
1554 1980 1781 2017 nostra.

312 2162 326 2195 l
357 2159 400 2195 cf.
429 2159 519 2196 Phil.
545 2161 575 2203 3,
600 2161 621 2195 6
705 2161 726 2195 6
752 2161 1007 2198 iustitia—non
1033 2162 1249 2209 assequitur]
1273 2164 1316 2199 cf.
1346 2163 1506 2210 Prosperi
1532 2164 1654 2210 Aquit.
1687 2169 1775 2200 sent.

205 2229 248 2253 ex
275 2219 366 2266 Aug.
392 2219 498 2255 delib.
520 2221 586 2256 315
611 2220 674 2266 (LI
699 2222 764 2256 475
789 2221 841 2266 M)
930 2222 972 2258 cf.
1004 2223 1103 2258 Rom.
1133 2225 1163 2265 l,
1191 2224 1231 2259 17
1332 2226 1369 2259 11
1399 2223 1442 2259 ct.
1472 2224 1562 2261 Phil.
1589 2226 1621 2266 3,
1650 2225 1702 2260 12.
1735 2226 1776 2261 15

206 2279 248 2314 16
269 2279 312 2315 cf.
339 2280 440 2315 Rom.
463 2281 492 2323 7,
516 2279 556 2315 24
618 2281 660 2316 20
676 2280 719 2315 ci.
741 2281 755 2316 I
774 2282 849 2318 Cor.
869 2282 919 2324 15,
938 2282 981 2316 52
1044 2282 1086 2317 25
1102 2283 1232 2318 Matth.
1250 2282 1281 2326 6,
1305 2284 1356 2319 10.
1377 2285 1419 2319 12

306 2399 326 2433 2
342 2388 405 2445 ᾗ
420 2399 449 2434 c
538 2399 676 2435 iussim
689 2399 720 2434 B
810 2401 832 2436 3
847 2401 1023 2438 iustitiam
1043 2402 1171 2438 habere
1184 2403 1214 2437 B
1288 2404 1309 2438 5
1326 2403 1462 2440 ueluto
1541 2404 1563 2439 6
1574 2404 1640 2449 est]
1658 2405 1775 2440 siton

200 2467 283 2492 uero
299 2468 362 2493 om.
384 2458 532 2504 Prosper
609 2470 718 2506 quam
734 2460 862 2507 iustus]
878 2464 952 2508 qui
965 2461 1059 2497 uisC
1137 2463 1156 2498 7
1173 2474 1224 2509 pr.
1242 2467 1296 2499 est
1305 2464 1436 2500 om.OB
1514 2464 1536 2499 9
1551 2469 1605 2501 est
1620 2465 1773 2501 om.Om1

203 2518 243 2552 10
259 2517 508 2562 quaeminerat
519 2519 548 2554 0
638 2519 679 2555 12
694 2530 731 2555 se
747 2520 843 2556 om.C
911 2521 1188 2568 minor-006&
1203 2524 1305 2567 eras)
1399 2523 1544 2560 iustiao
1620 2525 1661 2560 13
1676 2524 1775 2560 illam

198 2586 267 2612 non
285 2576 507 2624 adsequitur]
523 2579 618 2614 omo
634 2578 750 2616 minus
766 2579 876 2616 habet
887 2581 917 2615 B
990 2582 1030 2617 14
1045 2582 1267 2628 quocircatV
1328 2582 1488 2620 futurum
1500 2583 1528 2619 C
1589 2584 1631 2619 15
1648 2587 1774 2630 putare

200 2640 339 2672 tantam
355 2646 398 2673 σω
411 2641 556 2684 putaret
569 2638 688 2675 anima
703 2640 733 2676 Ο
794 2640 837 2675 16
852 2650 925 2676 esse
941 2646 1059 2688 potest
1073 2640 1106 2675 F
1119 2642 1186 2688 (8.1-
1202 2643 1216 2679 1
1231 2643 1301 2685 est)
1359 2648 1396 2678 et
1412 2643 1447 2678 in
1463 2654 1556 2689 corp.
1572 2643 1603 2677 B
1654 2644 1696 2680 18
1712 2654 1775 2678 no·

199 2695 342 2732 luerunt
353 2697 383 2734 O
432 2697 526 2732 enim
544 2697 646 2734 om.D
695 2698 951 2745 perfectissima
963 2700 1026 2738 OB
1089 2701 1129 2738 21
1142 2702 1410 2748 quoniam—eis
1425 2702 1526 2738 <mm
1587 2703 1629 2740 22
1647 2704 1732 2740 haec
1745 2704 1775 2739 Ο

198 2754 242 2791 23
257 2758 295 2791 et
318 2767 344 2792 ε.
372 2767 438 2793 ras.
453 2754 540 2794 0m2
624 2757 686 2794 sed
702 2758 771 2795 ista
787 2758 959 2796 dixeritV
1049 2761 1093 2797 24
1108 2760 1164 2807 ut]
1178 2762 1255 2797 add.
1275 2768 1310 2798 et
1324 2762 1354 2797 V
1444 2763 1490 2798 ad
1506 2773 1585 2807 pon.
1602 2766 1682 2799 ante
1696 2762 1773 2810 ips-t

194 2813 355 2852 OBCEF
428 2816 471 2852 25
486 2816 672 2854 cottidieO
757 2821 794 2855 et
808 2818 931 2855 om.Bb

1635 2893 1702 2930 338
