2028 3204
272 255 351 296 384
712 264 769 301 IV.
804 263 856 299 De
883 268 1012 300 natura
1042 268 1077 300 et
1108 264 1241 311 origine
1272 264 1408 300 animae

272 394 315 432 et
327 389 494 432 dicebas
509 394 552 432 et
566 389 774 431 scribebas
789 394 831 431 et
842 389 883 431 in
895 395 1102 434 conuentu
1112 387 1395 431 multitudinis
1408 393 1655 444 conrogatae
1667 388 1841 444 legebas,

272 469 322 497 ex
348 461 500 497 natura
525 460 668 497 nostra
691 468 766 497 nos
791 460 928 497 utrem
954 454 1098 497 inflare
1125 459 1168 497 et
1193 454 1235 496 in
1261 459 1414 497 natura
1436 459 1582 497 nostra
1605 467 1679 499 nos
1703 454 1840 497 minus

272 520 375 563 nihil
401 520 566 571 habere,
595 534 689 563 cum
715 520 794 562 hoc
820 520 929 562 unde
955 520 1156 564 faciamus
1182 519 1375 562 facillime
1403 533 1541 574 posses
1567 531 1650 562 non
1677 519 1839 562 diuinas

272 591 315 628 et
337 587 542 628 humanas
568 586 739 641 paginas
762 586 1075 641 perscrutandO,
1101 585 1171 628 sed
1196 586 1237 627 in
1261 591 1302 627 te
1326 585 1583 627 aduertendo
1607 599 1725 629 nosse
1749 598 1844 628 cum

273 652 411 694 uelles,
459 652 666 706 quomodo
696 651 820 707 igitur
850 651 926 693 tibi
955 651 1232 701 committam,
1262 656 1311 692 ut
1337 664 1404 693 me
1432 650 1580 693 doceas
1609 651 1659 692 de
1688 650 1840 706 origine
1867 663 1887 691 5

274 718 520 767 animarum,
547 717 657 773 quod
679 731 746 759 me
769 717 922 759 nescire
946 717 1161 766 confiteor,
1188 715 1259 771 qui
1284 716 1394 771 quod
1418 715 1501 758 tuis
1524 715 1693 758 naribus
1717 721 1844 771 atque

274 796 341 824 ore
378 783 462 825 sine
499 782 799 828 intermissione
836 782 936 825 facis
972 783 1080 824 unde
1117 782 1243 824 facias
1280 781 1529 836 ignorabas?
1582 786 1624 823 et
1660 786 1845 836 praestet

273 849 478 898 dominus,
506 854 554 890 ut
581 863 605 891 a
628 863 695 891 me
722 848 998 891 commonitus
1025 848 1146 890 cedas
1173 847 1311 902 potius
1339 860 1464 902 quam
1491 846 1657 889 resistas
1684 852 1773 889 tam
1798 847 1840 888 in

274 919 470 969 promptu
500 914 659 969 positae
689 920 815 969 atque
845 914 1128 969 apertissimae
1159 912 1327 955 ueritati
1355 925 1431 954 nec
1459 913 1509 955 de
1540 917 1630 954 utre
1660 911 1844 954 inflando

275 980 333 1021 sic
368 980 592 1035 interroges
627 979 843 1034 pulmones
878 984 986 1030 tuos,
1023 985 1070 1021 ut
1104 993 1172 1022 eos
1207 978 1405 1024 aduersus
1438 991 1504 1020 me
1540 977 1691 1019 habere
1723 976 1843 1020 malis

277 1044 445 1089 inflatos
466 1058 590 1099 quam
610 1045 665 1090 eis
683 1045 947 1101 adquiescere
966 1050 1007 1087 te
1025 1044 1268 1089 docentibus
1288 1049 1330 1085 et
1347 1057 1588 1098 responsum
1607 1043 1683 1085 tibi
1702 1056 1843 1085 uerum

278 1124 359 1152 non
378 1110 583 1165 loquendo
602 1116 644 1153 et
662 1110 913 1161 altercandO,
932 1111 1003 1153 sed
1024 1109 1218 1165 spirando
1238 1115 1281 1151 et
1299 1109 1540 1163 respirando
1562 1108 1842 1151 reddentibus

280 1176 451 1230 proinde
482 1176 759 1231 ignorantiam
788 1190 926 1218 meam
956 1176 1006 1218 de
1038 1176 1189 1231 origine
1221 1175 1453 1217 animarum
1484 1180 1525 1215 te
1557 1174 1844 1228 corripientem

276 1247 402 1296 atque
435 1241 724 1296 obiurgantem
755 1256 837 1284 non
866 1241 1039 1283 moleste
1070 1241 1231 1291 ferrem,
1265 1240 1390 1282 immo
1422 1240 1587 1294 insuper
1618 1245 1660 1281 et
1689 1239 1844 1294 gratias

274 1320 446 1361 magnas
472 1321 648 1362 agerem,
675 1307 708 1349 si
733 1321 824 1349 eam
848 1307 949 1349 mihi
974 1320 1056 1348 non
1081 1305 1214 1348 solum
1238 1305 1351 1347 duris
1376 1310 1609 1360 percuteres
1635 1304 1841 1353 conuiciis,

276 1373 345 1417 sed
377 1372 483 1414 ueris
513 1373 640 1415 etiam
670 1379 884 1415 excuteres
913 1372 1048 1414 dictis.
1095 1371 1129 1417 si
1158 1371 1268 1414 enim
1296 1385 1362 1413 me
1391 1384 1531 1425 posses
1560 1370 1704 1412 docere
1736 1370 1846 1424 quod

276 1438 424 1488 nescio,
462 1451 544 1480 non
580 1438 713 1483 solum
748 1444 790 1481 tc
826 1438 975 1489 uerbis,
1011 1438 1083 1480 sed
1118 1443 1159 1479 et
1195 1436 1343 1492 pugnis
1379 1437 1619 1479 caedentem
1655 1435 1846 1477 deberem

277 1503 577 1558 patientissime
607 1504 821 1546 sustinere.

385 1569 454 1611 JV.
479 1570 516 1611 5.
548 1570 655 1611 Nam
683 1570 816 1612 fateor
843 1569 1056 1611 dilectioni
1084 1573 1194 1619 tuae,
1218 1572 1423 1623 quantum
1451 1567 1614 1608 adtinet
1641 1566 1694 1608 ad
1723 1566 1846 1608 istam

277 1635 575 1689 quaestionem,
601 1649 731 1677 unum
753 1635 804 1677 de
827 1635 989 1677 duobus
1014 1634 1134 1676 ualde
1158 1634 1277 1688 cupio
1301 1646 1432 1683 nosse,
1458 1632 1492 1674 si
1515 1632 1682 1687 possim,
1709 1631 1774 1674 uel
1795 1631 1845 1673 de

277 1700 511 1742 animarum
531 1701 683 1755 origine
704 1700 814 1755 quod
834 1701 974 1755 ignoro
995 1699 1061 1742 uel
1079 1704 1220 1741 utrum
1240 1698 1447 1753 pertineat
1467 1697 1519 1739 ad
1538 1711 1611 1740 nos
1631 1697 1708 1738 hoc
1726 1710 1845 1739 nosse

279 1778 372 1807 cum
400 1765 467 1807 hic
494 1766 686 1808 uiuimus
719 1766 816 1820 quid
839 1765 873 1807 si
900 1765 1009 1808 enim
1037 1779 1088 1807 ex
1115 1763 1193 1806 illis
1222 1763 1343 1806 rebus
1372 1768 1447 1813 est,
1478 1763 1527 1805 de
1552 1762 1701 1818 quibus
1729 1761 1846 1804 nobis

276 1830 445 1872 dicitur:
487 1833 689 1874 altiora
745 1839 798 1874 te
850 1846 910 1874 ne
958 1830 1254 1886 quaesieris
1309 1835 1359 1872 et
1404 1829 1639 1871 fortiora
1691 1835 1740 1869 te
1789 1841 1846 1869 ne

277 1901 557 1940 scrutatus
598 1897 782 1948 fueris;
826 1898 914 1940 scd
957 1909 1089 1952 quae
1128 1894 1408 1952 praecepit
1452 1893 1555 1936 tibi
1590 1893 1845 1939 dominus,

277 1962 370 2004 illa
431 1963 612 2018 cogita
666 1963 903 2018 semper?
972 1975 1118 2004 uerum
1165 1961 1244 2002 hoc
1308 1973 1427 2001 nosse
1490 1958 1610 2013 cupio
1661 1963 1736 2000 aut
1791 1957 1844 2000 ab

278 2027 365 2082 ipso
401 2027 478 2070 deo
514 2028 667 2071 sciente
705 2028 815 2084 quod
853 2032 966 2071 creat
1002 2032 1076 2069 aut
1113 2026 1241 2068 etiam
1277 2025 1330 2067 ab
1366 2024 1506 2080 aliquo
1542 2024 1665 2067 docto
1693 2023 1846 2066 sciente

278 2094 387 2147 quod
407 2093 536 2145 dicat,
557 2106 638 2136 non
658 2093 712 2135 ab
730 2094 895 2135 homine
914 2093 1123 2135 nesciente
1143 2091 1254 2146 quod
1274 2090 1459 2132 anhelat.
1490 2089 1711 2131 infantiam
1729 2101 1847 2130 suam

367 2195 409 2230 23
432 2195 540 2231 Eccli.
563 2198 593 2237 1,
619 2197 661 2230 22

368 2275 382 2308 1
401 2283 452 2316 pr.
471 2276 506 2307 et
522 2273 670 2307 omJsscl
679 2273 726 2307 Tb
805 2271 1106 2307 conuentitudinis
1121 2271 1150 2304 (7
1225 2272 1392 2314 conrogat
1404 2268 1566 2313 elegebas
1580 2278 1635 2302 me
1649 2268 1728 2312 (om.
1742 2268 1800 2311 ex)
1813 2267 1842 2300 A

277 2335 464 2377 conrogate
488 2332 583 2367 BCH
627 2336 830 2376 corrogatae
849 2331 869 2366 I
915 2334 1123 2376 congregate
1143 2329 1174 2363 Ε
1210 2335 1418 2375 congregate
1442 2329 1500 2373 (ez
1521 2327 1725 2372 conrogate)
1744 2325 1788 2366 D,
1803 2326 1845 2360 bd

281 2391 300 2425 2
314 2391 372 2438 ex]
387 2395 422 2427 et
436 2392 464 2426 C
478 2395 511 2427 et
525 2392 568 2427 de
580 2392 597 2426 b
697 2403 758 2428 nos
771 2403 834 2427 om.
844 2390 976 2427 BClTb
1067 2389 1119 2435 in]
1133 2400 1176 2425 ex
1189 2390 1229 2432 T,
1247 2388 1384 2423 omsslb
1475 2390 1640 2422 naturam
1655 2389 1816 2420 nostrum
1826 2385 1844 2419 b

279 2448 316 2483 in
334 2452 426 2486 nosb
531 2454 551 2486 4
572 2451 622 2497 et]
641 2451 748 2486 sedH
858 2449 1112 2496 prescrutando
1124 2449 1157 2483 D
1251 2448 1272 2483 6
1291 2458 1348 2482 me
1368 2446 1463 2486 οηιζ,1
1559 2446 1580 2482 8
1600 2443 1799 2480 comonitur
1811 2445 1844 2479 A

279 2508 486 2556 inpromptu
505 2512 562 2556 (ex
580 2510 805 2557 inprumptu)
815 2510 850 2544 H
941 2509 962 2544 9
975 2512 1116 2555 promtu
1128 2507 1226 2543 CDE'
1326 2507 1368 2542 10
1385 2506 1479 2542 sicut
1489 2505 1518 2540 C
1608 2505 1798 2540 aduersum
1812 2503 1843 2538 T

279 2570 381 2606 malis
401 2572 527 2607 habere
541 2570 572 2604 B
690 2572 728 2606 11
751 2575 785 2605 te
805 2568 938 2605 0m.0H
1063 2569 1104 2603 12
1124 2566 1322 2614 spiritando
1334 2567 1366 2601 A
1496 2566 1538 2600 14
1558 2563 1803 2609 obuirgantem
1815 2563 1847 2597 A

283 2630 324 2665 16
341 2630 402 2666 sed
422 2629 513 2666 ueris
533 2629 656 2676 etiam]
675 2633 853 2666 scrutatus
866 2630 898 2663 A
1010 2638 1065 2662 me
1085 2627 1182 2664 om.C
1300 2625 1415 2662 dicere
1429 2624 1458 2659 C
1572 2625 1614 2660 17
1634 2622 1845 2658 cedentem!

282 2690 446 2727 debereo
517 2691 560 2726 20
579 2689 682 2725 ualde
702 2700 812 2725 unum
833 2688 874 2723 de
895 2686 1074 2724 duobusC
1149 2686 1207 2721 uel
1225 2685 1283 2732 de]
1302 2684 1407 2721 ualde
1416 2683 1509 2719 Hm]
1593 2683 1633 2718 21
1654 2681 1721 2717 hoc
1739 2691 1843 2717 nosse

278 2761 305 2784 s.
321 2750 340 2786 l.
353 2750 373 2785 l
452 2750 493 2785 22
511 2749 604 2784 enim
615 2760 678 2785 om.
692 2749 711 2783 Ι
795 2748 851 2794 ex]
872 2747 916 2782 de
929 2747 947 2781 l
1033 2748 1077 2783 23
1095 2756 1174 2792 neq.
1195 2745 1225 2780 si
1244 2744 1312 2781 eris
1325 2745 1357 2780 A
1435 2742 1544 2779 necD
1620 2742 1663 2777 24
1674 2739 1842 2777 dominus

277 2821 340 2846 mn.
354 2810 385 2844 A
511 2810 554 2845 26
573 2808 662 2844 alico
673 2807 702 2843 G
822 2806 917 2843 dicto
928 2806 957 2841 Ο
969 2806 1113 2841 doctore
1123 2806 1142 2840 1
1271 2805 1313 2840 27
1333 2801 1519 2838 anhelatus
1530 2800 1595 2837 Ao
1612 2799 1799 2836 anhelata:
1813 2799 1844 2834 B

279 2869 467 2914 anhelatur
486 2869 506 2903 I

1874 989 1916 1019 1⁰

1874 1316 1912 1345 15

1873 1644 1915 1672 20

1872 1969 1913 1999 25
