2028 3204
241 186 319 229 346
673 198 732 235 lV.
765 198 817 234 De
848 203 978 236 natura
1008 206 1045 236 et
1075 199 1205 246 origine
1234 198 1372 236 animae

236 329 482 375 mereretur;
514 324 642 376 dicat,
675 323 709 366 si
731 329 883 380 potest,
913 325 1022 380 quod
1046 325 1160 369 nullo
1187 326 1313 368 modo
1336 329 1490 382 potest,
1510 325 1609 382 quia
1623 326 1812 370 inuenire

239 388 304 431 hic
336 389 436 443 quid
469 403 613 432 uerum
646 389 759 432 dicat
793 391 960 434 omnino
992 405 1078 434 non
1107 395 1260 446 potest.

326 454 445 497 VIII.
482 456 543 497 12.
580 454 689 498 Item
722 455 937 511 aliquanto
970 459 1066 512 post
1091 456 1171 499 ait:
1205 456 1346 498 anima
1376 455 1509 510 itaque
1538 456 1577 498 si
1607 456 1810 511 peccatrix

238 531 319 562 8338
350 520 505 573 meruit,
533 533 633 575 quae
663 521 864 575 peccatrix
894 533 976 564 8338
994 535 1077 564 mm
1099 521 1240 576 potuit,
1273 525 1405 564 tamen
1428 534 1553 576 neque
1579 521 1627 563 in
1654 526 1812 576 peccato

239 585 440 635 remansit,
475 586 572 640 quia
602 586 648 629 iri
680 586 838 629 Christo
869 587 1144 642 praesiqeirata
1174 586 1220 629 in
1251 591 1407 641 peccato
1438 599 1520 629 esse
1549 600 1633 630 non
1663 586 1808 637 debuit,
1837 599 1859 629 5

237 651 340 692 sicut
371 663 453 693 8338
483 665 566 694 mm
591 652 732 706 potuit.
784 666 882 708 rogo
916 657 971 703 te,
1004 654 1145 705 frater,
1174 658 1353 707 putasne
1379 651 1461 696 ista
1487 650 1636 695 saltem
1665 656 1813 708 postea

239 715 374 771 legisti
416 723 458 760 et
499 717 771 761 considerasti
813 722 854 761 et
895 718 995 775 quid
1026 719 1069 761 in
1100 718 1303 761 recitante
1335 716 1570 761 laudaueris
1603 717 1669 760 uel
1703 717 1810 760 unde

239 788 333 835 post
364 782 654 826 recitationem
684 782 842 840 gratias
874 783 1002 838 egeris
1034 782 1262 840 cogitasti?
1303 782 1403 838 quid
1435 788 1512 834 est,
1547 782 1716 826 obsecro
1749 796 1809 826 te:

239 848 380 890 anima
404 848 536 903 itaque
561 849 599 892 si
623 849 825 903 peccatrix
846 861 928 891 8338
949 849 1105 901 meruit,
1125 862 1225 904 quae
1240 849 1442 903 peccatrix
1457 861 1539 891 8338
1553 862 1637 891 rimi
1652 848 1813 903 potuit?

240 913 338 968 quid
374 920 438 957 est
480 914 659 957 ‘meruit‘
693 920 735 957 et
778 915 874 958 ‘non
914 915 1083 970 potuit‘,
1133 927 1228 957 cum
1248 914 1394 958 mereri
1430 914 1507 957 hoc
1540 927 1623 958 non
1657 918 1810 970 posset,
1842 925 1884 954 lo

239 978 315 1021 nisi
348 979 561 1034 peccatrix
592 979 752 1031 fuisset,
794 994 880 1022 non
911 984 1053 1023 autem
1086 979 1246 1032 fuisset,
1280 979 1357 1023 nisi
1390 992 1475 1023 esse
1507 980 1729 1034 potuisset,
1763 984 1810 1022 ut

239 1048 337 1087 ante
378 1059 500 1088 omne
541 1045 697 1088 malum
739 1046 935 1089 meritum
967 1058 1143 1100 peccans
1174 1045 1271 1087 inde
1303 1044 1381 1088 sibi
1412 1046 1609 1088 meritum
1640 1045 1809 1095 faceret,

241 1111 350 1153 unde
376 1112 428 1154 ad
455 1110 536 1153 alia
560 1116 734 1166 peccata
759 1113 972 1155 deserente
998 1111 1168 1155 domino
1194 1110 1462 1168 perueniret?
1490 1123 1544 1153 an
1566 1110 1658 1154 ideo
1681 1109 1809 1153 dixit:

240 1188 338 1229 quae
369 1177 571 1230 peccatrix
594 1189 676 1219 8338
698 1190 781 1219 nori
804 1177 946 1232 potuit,
982 1177 1092 1232 quia,
1126 1176 1205 1220 nisi
1236 1176 1279 1219 in
1310 1189 1476 1219 carnem
1509 1175 1682 1228 ueniret,
1716 1189 1810 1231 pec-

240 1241 374 1284 catrix
421 1256 507 1285 esse
555 1258 638 1286 non
684 1243 859 1298 posset?
908 1242 1007 1297 quid
1055 1256 1150 1298 ergo
1191 1241 1357 1292 meruit,
1399 1248 1447 1285 ut
1479 1254 1525 1283 eo
1558 1241 1809 1291 mitteretur,
1842 1252 1883 1282 15

241 1306 310 1348 ubi
343 1307 555 1364 peccatrix
596 1322 683 1351 esse
726 1313 878 1363 posset,
913 1323 995 1364 quo
1028 1307 1105 1351 nisi
1138 1307 1319 1351 uenisset
1351 1306 1449 1349 alibi
1481 1306 1694 1362 peccatrix
1725 1319 1811 1349 esse

240 1385 324 1415 non
355 1374 529 1427 posset?
572 1374 698 1425 dicat,
734 1375 834 1429 quid
866 1374 1031 1417 meruit.
1074 1373 1107 1417 si
1140 1373 1250 1417 enim
1282 1372 1434 1416 meruit
1466 1385 1553 1416 esse
1584 1371 1810 1428 peccatrix,

240 1438 397 1493 aliquid
429 1438 512 1481 iam
545 1444 807 1496 peccauerat,
849 1441 959 1482 unde
999 1443 1226 1482 mereretur
1265 1438 1417 1482 iterum
1460 1451 1546 1481 esse
1579 1437 1809 1494 peccatrix;

237 1503 272 1544 si
311 1510 455 1547 autem
496 1505 598 1548 nihil
640 1510 902 1561 peccauerat,
953 1505 1064 1548 unde
1112 1504 1267 1547 meruit
1315 1517 1403 1547 8338
1452 1502 1697 1558 peccatrix?
1740 1503 1811 1545 sed

241 1569 341 1612 haec
391 1570 579 1614 fortassis
629 1573 804 1615 obscura
852 1570 1075 1613 uideantur
1125 1575 1199 1613 aut
1248 1570 1423 1614 obscura
1463 1582 1549 1612 esse
1588 1568 1810 1620 iactentur,
1838 1580 1886 1610 zo

241 1649 334 1679 cum
376 1636 460 1678 sint
501 1638 777 1693 apertissima.
829 1650 963 1693 neque
1004 1637 1114 1679 enim
1145 1635 1281 1678 dicere
1311 1635 1470 1686 debuit,
1531 1634 1641 1689 quod
1673 1635 1812 1677 anima

241 1702 438 1745 meruerit
462 1703 675 1756 peccatrix
701 1716 787 1745 esse
813 1715 884 1756 per
918 1714 1097 1752 carnem,
1131 1701 1247 1744 cuius
1271 1713 1347 1742 nec
1373 1700 1529 1744 bonum
1554 1713 1629 1742 nec
1654 1698 1811 1742 malum

242 1766 436 1810 meritum
466 1768 673 1823 repperire
704 1768 860 1823 poterit
891 1771 989 1810 ante
1019 1779 1198 1809 carnem.

331 1833 407 1876 IX.
447 1834 508 1877 13.
560 1833 640 1877 Sed
675 1834 730 1876 ad
761 1832 1048 1876 manifestiora
1087 1833 1315 1876 ueniamus
1365 1844 1459 1875 cum
1501 1830 1610 1873 enim
1651 1830 1811 1885 magnis

242 1902 501 1942 coartaretur
541 1900 756 1954 angustiis,
794 1898 1002 1954 quomodo
1029 1898 1191 1940 animae
1226 1896 1434 1952 originalis
1460 1895 1620 1951 peccati
1647 1893 1812 1939 uinculo
1839 1906 1885 1936 2⁵

242 1970 465 2008 teneantur
497 1965 738 2017 obstrictae,
766 1964 798 2007 si
824 1977 908 2007 non
935 1978 985 2007 ex
1009 1963 1080 2005 illa
1104 1963 1281 2005 trahunt
1307 1962 1518 2018 originem,
1546 1974 1652 2016 quae
1678 1960 1812 2016 prima

242 2030 445 2083 peccauit,
493 2032 564 2074 sed
612 2043 680 2073 eas
728 2044 852 2087 puras
901 2029 954 2071 ab
1002 2029 1113 2072 omni
1156 2028 1404 2083 contagione
1437 2032 1479 2069 et
1511 2025 1812 2082 propagatione

243 2095 403 2149 peccati
449 2095 668 2152 peccatrici
716 2095 828 2140 carni
871 2098 1030 2138 creator
1070 2093 1274 2144 insufflat,
1316 2107 1368 2135 ne
1399 2092 1563 2136 dicatur
1594 2091 1666 2141 illi,
1700 2091 1810 2147 quod

243 2160 300 2202 sic
346 2161 603 2204 insufflando
651 2174 717 2205 eas
759 2161 861 2204 deus
893 2160 1024 2204 efficit
1055 2173 1159 2210 reas,
1191 2160 1327 2214 primo
1358 2159 1408 2201 de
1441 2156 1716 2214 praescientia
1745 2156 1811 2199 dei

243 2226 348 2269 hanc
373 2227 610 2281 opinionem
635 2226 796 2270 munire
818 2226 1062 2281 temptauit,
1096 2223 1223 2281 ‘quod
1241 2225 1297 2266 eis
1315 2223 1628 2279 praeparauerit
1652 2221 1812 2264 redem-
1839 2231 1884 2262 3ο

334 2357 356 2392 3
372 2355 469 2393 Vinc.
487 2357 620 2399 Victor;
640 2357 682 2393 cf.
700 2356 759 2393 lib.
782 2356 797 2392 I
814 2357 845 2399 8,
861 2356 892 2393 8.
915 2355 970 2393 III
985 2357 1017 2397 8,
1039 2357 1079 2391 11
1175 2355 1206 2390 9.
1224 2356 1277 2390 14.
1294 2354 1339 2389 30
1356 2352 1456 2390 Vinc.
1473 2351 1598 2388 Victor

339 2455 353 2488 1
375 2451 488 2498 nullo]
501 2452 560 2487 illo
575 2452 607 2486 A
663 2454 682 2487 4
699 2455 815 2498 nique
827 2451 856 2487 C
912 2451 933 2486 5
950 2450 1068 2498 potuit
1078 2449 1166 2485 Fm2
1223 2449 1244 2484 6
1258 2447 1390 2496 potuit]
1405 2446 1568 2483 debuitF
1628 2445 1698 2482 ista
1710 2445 1808 2481 ουκ]

241 2511 325 2547 salt}
339 2511 390 2547 ln's
402 2522 474 2556 pos.
491 2511 590 2548 semel
605 2522 688 2547 eras.
698 2512 741 2554 F,
751 2511 782 2547 E
840 2511 883 2547 10
900 2510 1074 2557 potuisset
1089 2507 1253 2545 BCFde
1310 2510 1352 2544 14
1369 2517 1471 2544 carne
1483 2505 1575 2543 EFG
1628 2504 1764 2542 uenerit
1775 2504 1810 2539 Ε

248 2572 290 2607 15
308 2570 418 2617 possit
428 2570 461 2606 Ε
577 2581 615 2607 80
630 2582 694 2607 om.
706 2572 737 2606 F
848 2581 891 2605 eo
906 2568 1124 2616 mitteretur]
1138 2567 1362 2604 omitteretur
1374 2565 1466 2604 Boo
1583 2565 1626 2602 16
1642 2563 1762 2612 potuit
1773 2564 1810 2599 Β

247 2632 289 2667 19
303 2630 333 2666 si
349 2630 693 2677 autem—peccatrix
707 2642 770 2666 om.
794 2629 994 2666 ABCFde
1149 2628 1191 2664 20
1205 2639 1262 2673 pr.
1277 2625 1441 2673 obscura]
1456 2626 1534 2662 aad.
1553 2635 1627 2661 esse
1643 2623 1809 2661 305¹de

247 2691 289 2726 22
314 2689 443 2726 meruit
466 2701 541 2726 esse
562 2689 741 2737 peccatrix
762 2689 794 2725 E
922 2688 997 2735 per]
1022 2691 1102 2734 post
1123 2685 1156 2723 E
1296 2687 1339 2723 24
1362 2683 1644 2723 manifestatiora
1662 2683 1806 2720 061⁷le

247 2751 289 2786 25
305 2749 491 2796 origenalis
503 2750 535 2786 Ε
612 2749 728 2786 uinclo
743 2749 775 2785 E
849 2749 890 2784 27
906 2747 1025 2795 puras]
1042 2758 1142 2783 curas
1158 2745 1220 2782 Bo
1286 2743 1513 2793 propagines)
1587 2744 1631 2780 28
1642 2741 1698 2779 illi
1710 2741 1811 2778 ΜΟ

247 2810 290 2846 29
304 2810 390 2846 deus
406 2819 465 2845 eas
478 2810 510 2845 E
585 2808 759 2856 presentia
768 2808 798 2844 G
871 2809 916 2844 30
927 2806 1207 2854 redemptionem
1223 2804 1316 2843 codd.
1332 2807 1463 2850 praeter
1475 2805 1508 2840 Α
