2028 3204
704 211 835 248 liberl
867 212 921 253 16,
953 212 1097 253 26—17,
1132 212 1172 247 27
1651 200 1730 242 327

155 341 255 383 dum
288 340 424 395 ipsum
453 343 582 393 atque
615 351 770 389 omnes,
821 338 891 393 qui
924 337 1158 380 animarum
1193 336 1462 392 propaginem
1494 336 1735 380 destruunt.

155 420 304 462 corpus
353 411 521 447 tantum
570 403 846 447 masculinum
877 409 919 446 et
950 403 1197 446 femininum
1242 401 1489 457 significarit
1522 402 1736 458 apostolus

155 472 314 515 dicens:
358 471 523 513 siout
567 471 723 513 enim
765 470 986 513 mulier
1025 483 1090 511 ex
1134 469 1266 510 uiro
1299 468 1389 510 ita
1421 473 1478 510 et
1510 468 1602 510 uir
1636 482 1736 524 per

157 537 496 582 mulierem,
541 537 640 591 quia
672 535 818 579 mulier
851 549 901 578 ex
936 535 1024 578 uiro
1057 534 1173 577 facta
1207 540 1283 586 ost,
1328 540 1375 576 ut
1407 534 1537 577 etiam
1570 534 1736 597 uir‘per

112 634 118 643 .
159 603 372 646 mulierem
415 609 562 658 postea
603 607 854 645 nasceretur.
903 602 935 643 si
967 614 1062 656 ergo
1097 601 1197 643 haec
1230 600 1444 656 apostolus
1478 600 1619 643 dicens
1654 614 1735 642 non

155 669 283 713 etiam
326 669 486 711 animas
526 673 569 710 et
610 668 794 724 spirituS,
837 668 907 710 sed
950 672 1119 710 tantum
1156 680 1329 722 corpora
1363 667 1581 722 utriusque
1615 680 1735 709 sexus

157 735 325 778 uolebat
361 734 556 790 intellegi,
590 749 661 776 our
688 734 888 777 continuo
921 732 1159 776 subiunxit:
1204 733 1404 775 omnia
1437 739 1637 775 autem
1671 746 1735 774 ex

156 802 286 846 deo.
337 801 411 843 nisi
465 800 564 856 quia
609 806 650 843 et
699 814 873 855 corpora
914 814 965 842 ex
996 799 1111 842 deo?
1159 799 1220 841 ita
1253 799 1407 854 quippe
1440 799 1519 841 ait:
1568 799 1734 841 sicut

156 867 310 909 enini
355 866 575 909 mulier
620 880 684 909 ex
727 866 859 908 uiro
902 866 992 908 ita
1033 871 1088 907 et
1133 865 1224 907 uir
1265 879 1366 920 per
1403 865 1735 912 mulierem,

158 933 357 976 omnia
398 938 540 975 aute
559 946 597 974 m
640 946 704 974 ex
747 933 868 975 deo.
928 932 1053 986 eligat
1093 945 1189 986 ergo
1222 931 1299 973 iste
1335 932 1441 973 unde
1475 931 1530 973 sit
1562 931 1734 974 dietum.

160 999 191 1039 si
243 999 295 1041 de
342 997 596 1055 corporibus.
646 998 833 1053 profecto
880 1003 921 1039 et
970 1011 1143 1052 corpora
1184 1011 1233 1040 ex
1267 998 1344 1040 deo
1378 1003 1489 1040 sunt.
1541 997 1639 1052 quid
1675 1002 1735 1039 est

155 1078 264 1119 ergo,
314 1065 424 1119 quod
459 1064 711 1119 ubicumque
744 1064 822 1106 iste
854 1063 896 1106 in
930 1063 1145 1119 seripturis
1178 1063 1277 1117 legit
1322 1064 1384 1105 ‘ex
1418 1064 1523 1114 deo‘,
1569 1063 1737 1118 quando

156 1131 208 1172 ‹le
241 1130 478 1173 hominibus
510 1130 662 1184 agitur,
704 1144 787 1172 non
831 1135 872 1172 et
914 1143 1100 1186 corpora.
1149 1130 1219 1172 sed
1270 1135 1438 1172 tantuin
1487 1130 1648 1171 animas
1697 1135 1736 1170 et

157 1196 328 1250 spintus
377 1196 468 1239 uult
516 1195 728 1252 intellegi?
794 1196 826 1237 si
875 1210 972 1238 uero
1023 1196 1133 1251 quod
1182 1195 1342 1238 dietum
1391 1201 1473 1238 est:
1539 1195 1738 1237 omnia

158 1277 178 1304 a
201 1269 359 1304 utem
392 1277 458 1305 ex
490 1262 515 1304 d
536 1276 622 1309 eo,
665 1268 706 1304 et
739 1263 790 1304 de
823 1275 993 1316 corpore
1027 1262 1245 1316 utriusque
1284 1276 1406 1304 sexus
1439 1267 1480 1304 et
1512 1261 1564 1303 de
1598 1261 1738 1303 anima

157 1342 204 1369 ae
260 1328 411 1383 spiritu
467 1328 627 1370 dictum
686 1334 760 1377 est,
829 1341 924 1382 ergo
981 1329 1208 1370 secundum
1277 1328 1415 1370 omnia
1472 1333 1534 1369 est
1592 1327 1738 1369 mulier

157 1407 206 1435 ex
254 1394 362 1445 uiro;
411 1394 550 1436 mulier
620 1394 731 1435 enim
789 1408 838 1436 ex
889 1394 990 1445 uiro,
1050 1394 1113 1436 uir
1174 1407 1247 1449 per
1311 1394 1538 1444 mulierem,
1597 1393 1737 1436 omnia

158 1474 207 1502 ex
255 1461 346 1502 deo.
414 1474 519 1515 quae
563 1460 729 1502 ‘omnia'
774 1459 849 1501 nisi
897 1460 948 1502 de
997 1460 1147 1515 quibus
1182 1460 1444 1515 loquebatur.
1494 1459 1536 1502 id
1585 1466 1646 1501 est
1697 1462 1736 1501 et

157 1525 223 1568 ille
257 1526 331 1576 uir,
366 1539 416 1567 ex
450 1540 532 1581 quo
564 1525 722 1572 mulier,
759 1532 800 1567 et
832 1525 902 1567 illa
934 1526 1093 1576 mulier,
1128 1539 1234 1581 quae
1268 1540 1318 1568 ex
1350 1527 1453 1577 uiro,
1488 1531 1530 1567 et
1563 1525 1629 1567 ille
1662 1525 1736 1570 uir,

158 1591 227 1647 qui
270 1605 342 1646 per
383 1591 627 1634 mulierem?
676 1605 810 1647 neque
851 1591 962 1634 enim
1004 1592 1068 1634 ille
1102 1592 1166 1634 uir
1204 1605 1276 1647 per
1308 1592 1536 1642 mulierem,
1571 1604 1622 1634 ex
1656 1605 1738 1646 quo

159 1657 246 1699 uiro
279 1657 438 1703 mulier.
473 1658 542 1700 sed
577 1657 653 1704 uir.
689 1657 759 1713 qui
794 1663 918 1700 natus
950 1663 1014 1700 est
1047 1663 1193 1714 postea
1225 1672 1274 1700 ex
1309 1658 1397 1700 uiro
1418 1671 1491 1714 per
1508 1658 1736 1707 mulierem,

159 1723 512 1778 quemadmodum
561 1722 766 1779 hodieque
814 1730 1054 1766 nascuntur.
1106 1738 1153 1766 ae·
1195 1738 1267 1779 per
1310 1725 1386 1766 hoe
1428 1724 1474 1775 si,
1531 1737 1625 1765 cum
1659 1723 1740 1764 ista

157 1788 311 1832 diceret
360 1789 587 1844 apostolus,
635 1790 686 1832 de
734 1790 974 1846 corporibus
1017 1790 1281 1845 loquebatur,
1314 1790 1459 1846 procul
1490 1789 1619 1832 dubio
1653 1802 1739 1831 eor-

159 1868 260 1910 pora
307 1855 525 1910 utriusque
571 1868 694 1898 sexus
742 1870 792 1898 ex
840 1857 929 1898 deo.
987 1869 1110 1911 porro
1152 1855 1183 1897 si
1218 1869 1303 1898 non
1334 1856 1426 1898 uult.
1459 1870 1510 1897 ex
1542 1856 1620 1898 deo
1653 1868 1739 1897 esse

159 1920 374 1963 hominum
407 1921 484 1963 nisi
517 1921 677 1963 animas
710 1927 752 1963 et
784 1921 968 1977 spiritu&
1007 1922 1194 1977 profecto
1228 1922 1357 1964 etiam
1390 1922 1619 1964 seeundum
1653 1921 1739 1963 aui-

159 2000 271 2028 mam
318 1992 361 2028 et
407 1986 601 2042 spiritum
648 1987 796 2029 mulier
843 2001 892 2030 ex
942 1986 1031 2029 uiro
1065 1992 1105 2029 et
1139 1986 1242 2029 nihil
1274 1987 1357 2029 iam
1391 1987 1648 2042 relinquetur
1682 1987 1738 2028 eis

161 2052 230 2106 qui
262 2056 412 2094 eontra
444 2054 677 2095 animarum
710 2054 981 2108 propaginem
1013 2053 1247 2108 disputant.
1283 2053 1315 2094 si
1334 2059 1474 2096 autem
1494 2053 1556 2095 ita
1572 2052 1738 2102 diuidit,

159 2123 206 2160 ut
239 2117 354 2160 dieat
387 2117 601 2161 mulierem
633 2132 685 2161 ex
719 2118 807 2161 uiro
840 2132 927 2161 esse
959 2120 1186 2162 secundum
1221 2133 1384 2174 corpus,
1418 2133 1468 2161 ex
1500 2121 1578 2162 deo
1597 2124 1739 2161 autem

158 2183 387 2225 seeundum
436 2184 619 2226 animam
668 2190 710 2226 et
757 2184 964 2240 spiritum.
1005 2186 1214 2240 quomodo
1247 2185 1326 2227 erit
1358 2199 1503 2227 uerum
1538 2185 1646 2240 quod
1682 2186 1741 2227 ait

160 2250 394 2305 apostolus:
443 2250 644 2293 omnia
690 2255 890 2293 autem
932 2264 998 2293 ex
1039 2253 1169 2300 deo,
1218 2251 1252 2292 si
1285 2250 1466 2293 mulieris
1500 2265 1647 2306 eorpus
1682 2250 1739 2293 ita

160 2320 222 2356 est
255 2329 305 2357 ex
340 2315 440 2365 uiro,
477 2320 521 2358 ut
557 2330 638 2358 non
671 2315 725 2357 sit
758 2330 808 2357 ex
841 2315 949 2358 deo?
992 2321 1248 2372 quapropter
1281 2326 1326 2360 ut
1361 2317 1575 2372 apostolus
1601 2317 1741 2372 potius

251 2448 285 2481 3.
307 2446 386 2481 7.8.
409 2447 461 2482 14.
481 2447 796 2488 30100r.11,12

252 2537 267 2570 1
283 2535 474 2581 propagine
488 2536 528 2570 M
621 2536 643 2572 2
656 2535 872 2581 significaret
883 2536 1075 2572 ABGEFG
1092 2537 1346 2583 significauerit
1356 2538 1399 2572 bd
1500 2539 1519 2573 7
1531 2537 1693 2573 subiuxit
1708 2538 1737 2572 A

159 2594 366 2630 subiuncxit
375 2594 404 2630 C
459 2596 481 2631 8
493 2595 700 2631 exdeo—et
710 2594 764 2631 uir
773 2595 812 2631 in
823 2607 888 2632 ras.
903 2597 944 2632 Μ
1010 2597 1053 2633 12
1062 2596 1153 2644 leget
1168 2598 1198 2632 E
1254 2598 1296 2633 13
1305 2597 1363 2633 alt.
1376 2601 1411 2632 et
1422 2599 1523 2633 omA
1583 2598 1623 2633 15
1635 2608 1687 2642 pr.
1702 2602 1737 2632 et

162 2655 263 2689 om.A
320 2655 362 2690 17
379 2653 630 2691 mulier—uiro
640 2666 705 2691 om.
719 2656 751 2691 Ε
797 2656 914 2692 omnia
933 2660 1053 2692 autom
1065 2657 1089 2691 d
1135 2658 1177 2693 18
1192 2657 1286 2693 idem
1302 2660 1338 2692 ot
1355 2657 1414 2692 ille
1430 2656 1460 2691 B
1475 2659 1527 2702 (et
1544 2667 1568 2691 s,
1582 2657 1604 2692 l.
1617 2656 1739 2698 ml),G

164 2713 209 2749 20
222 2712 291 2759 uir]
305 2713 383 2750 add.
395 2714 502 2761 quiD
589 2716 627 2751 21
653 2714 795 2762 mulier]
818 2715 895 2751 add.
914 2719 952 2752 et
969 2715 1032 2753 illa
1048 2717 1174 2752 mulier
1185 2718 1218 2752 A
1294 2721 1348 2752 est
1364 2718 1461 2752 om.C
1538 2717 1581 2752 22
1594 2716 1741 2752 siom.E

171 2772 204 2809 si
223 2772 322 2820 oum]
340 2773 474 2810 sicutC
578 2775 622 2811 24
636 2775 821 2822 utriusque
840 2786 945 2812 sexus
963 2776 1078 2812 suntb
1175 2788 1230 2822 pr.
1242 2775 1303 2823 ex]
1316 2787 1338 2812 a
1351 2777 1381 2812 Ε
1464 2787 1540 2811 esse
1556 2787 1602 2811 ex
1617 2775 1682 2811 deo
1699 2775 1741 2811 bd

164 2832 208 2868 26
219 2843 268 2868 ex
282 2832 359 2869 uiro
375 2836 395 2869 ὃ
405 2834 436 2869 F
451 2834 487 2879 (δ
500 2845 527 2869 8.
541 2833 580 2880 1.)
640 2834 839 2882 roquiremr
849 2836 880 2871 F
941 2836 984 2872 27
1001 2836 1293 2884 propagationem
1308 2836 1341 2871 D
1411 2836 1456 2872 29
1468 2835 1520 2871 ait
1533 2836 1620 2872 om.b
