1976 3210
83 942 121 971 1⁰

83 1271 119 1300 15

79 1600 121 1630 20

80 1928 120 1958 25

707 210 795 246 liber
827 209 844 245 1
875 210 931 252 22,
961 210 1107 251 32—24‚
1137 209 1181 246 34
1674 200 1730 242 33

150 351 226 382 nec
255 342 420 394 praeter
449 349 623 393 regnum
655 335 743 379 eius
777 334 956 378 salutem
988 348 1036 378 ac
1069 334 1203 377 uitam
1234 333 1463 390 possidebit
1496 339 1726 385 aeternam,

151 403 348 460 quoniam
375 402 446 458 qui
472 416 556 445 non
582 401 900 445 manducauerit
926 414 1093 444 carnem
1119 400 1205 443 eius
1232 405 1275 442 et
1303 399 1373 455 qui
1401 399 1636 442 incredulus
1665 406 1729 442 est

150 470 249 521 filio,
262 483 345 513 non
355 467 528 511 habebit
538 467 686 519 uitam,
697 467 769 510 sed
781 467 843 510 ira
859 466 926 509 dei
937 471 1080 509 manet
1098 479 1220 522 super
1239 479 1348 508 eum.
1370 465 1423 507 ab
1443 465 1520 507 hoc
1539 471 1727 521 peccato,

149 535 203 578 ab
228 535 306 578 hae
331 533 600 590 aegritudine,
628 533 681 576 ab
707 533 785 576 hac
809 533 871 575 ira
893 532 972 582 dei,
1000 532 1117 575 cuius
1142 531 1389 574 naturaliter
1415 531 1489 573 filii
1515 536 1628 582 sunt,
1656 531 1727 586 qui

149 601 276 644 etiam
296 600 329 643 si
348 614 420 657 per
440 604 624 643 aetatem
643 613 727 643 non
746 598 904 641 habent
922 598 1150 654 proprium,
1171 597 1347 640 trahunt
1367 602 1510 639 tamen
1530 597 1728 652 originale

149 665 728 723 peecatum,nonliberatnisi
750 678 910 720 agnus
931 664 1010 706 dei
1034 664 1120 719 qui
1142 663 1281 706 tollit
1305 668 1514 719 peccata
1537 662 1727 714 mundi,

150 732 323 776 nonnisi
337 731 522 775 medicus
545 731 616 787 qui
639 745 724 774 non
746 730 862 773 uenit
884 735 1054 786 propter
1077 743 1211 779 sanos,
1236 729 1305 771 sed
1331 734 1501 785 propter
1524 735 1727 784 aegrotos,

150 812 233 842 non
253 798 331 841 nisi
361 797 559 849 saluator,
581 797 632 839 de
658 810 740 852 quo
770 796 932 839 dictum
962 801 1026 839 est
1054 795 1193 851 generi
1222 795 1426 837 humano:
1468 799 1619 837 natus
1656 799 1731 836 est

149 864 291 907 uobis
318 863 464 906 hodie
490 863 730 914 saluator,
760 876 844 905 non
864 862 943 904 nisi
969 862 1220 917 redemptor,
1250 860 1366 904 cuius
1394 860 1593 915 sanguine
1621 860 1730 902 dele-

149 936 218 972 tur
247 920 438 973 debitum
469 934 672 971 nostrum.
712 942 810 971 nam
842 928 933 983 quis
966 927 1120 970 audeat
1150 927 1284 970 dicere
1306 941 1390 969 non
1411 940 1497 969 esse
1520 926 1730 969 Christum

150 995 377 1039 infantium
404 994 657 1038 saluatorem
684 1007 759 1037 nec
784 993 1114 1049 redemptorem?
1144 993 1254 1036 unde
1281 998 1423 1035 autom
1451 992 1587 1035 saluos
1616 992 1730 1042 facit,

149 1062 182 1104 si
204 1061 320 1104 nulla
340 1061 382 1104 in
405 1061 461 1103 eis
483 1066 547 1103 est
569 1060 777 1116 originalis
800 1060 1016 1115 aegritudo
1038 1058 1223 1115 peccati?
1248 1059 1357 1101 unde
1377 1057 1559 1108 redimit,
1593 1058 1626 1099 si
1649 1071 1731 1100 non

149 1133 249 1170 sunt
282 1140 354 1183 per
389 1126 589 1182 originem
623 1126 745 1182 primi
780 1125 957 1168 hominis
992 1125 1223 1168 uenundati
1257 1124 1334 1167 sub
1370 1123 1566 1180 peccato?
1618 1123 1733 1166 nulla

150 1193 273 1248 igitur
304 1206 356 1235 ex
385 1197 526 1235 nostro
557 1191 729 1234 arbitrio
758 1197 922 1247 praeter
952 1191 1210 1246 baptismum
1240 1190 1392 1233 Christi
1420 1190 1530 1232 salus
1561 1195 1732 1232 aeterna

149 1259 421 1314 promittatur
451 1257 696 1310 infantibus,
728 1271 855 1313 quam
886 1271 968 1299 non
999 1256 1210 1313 promittit
1239 1256 1446 1312 scriptura
1474 1254 1618 1298 diuina
1657 1255 1731 1297 hu-

149 1324 283 1367 manis
313 1324 506 1366 omnibus
536 1323 711 1379 ingeniis
740 1323 1024 1379 praeferenda.

256 1390 416 1432 XXIV.
447 1391 511 1433 34.
543 1389 713 1445 Optime
745 1388 886 1444 punici
919 1388 1145 1432 Christiani
1166 1387 1425 1443 baptismum
1458 1387 1596 1443 ipsum
1628 1386 1730 1428 nihil

149 1455 262 1498 aliud
291 1469 418 1512 quam
446 1455 625 1498 salutem
663 1460 705 1498 et
742 1460 1051 1498 sacramentum
1080 1453 1260 1510 eorporis
1291 1453 1456 1504 Christi,
1486 1452 1588 1495 nihil
1618 1452 1730 1495 aliud

149 1535 276 1577 quam
294 1522 427 1564 uitam
445 1526 612 1564 uocant.
632 1521 756 1572 unde,
774 1521 852 1563 nisi
870 1534 922 1563 ex
939 1520 1128 1575 antiqua,
1148 1525 1196 1562 ut
1214 1519 1420 1569 existimo,
1440 1524 1482 1561 et
1500 1518 1731 1574 apostolica

149 1587 388 1637 traditione,
416 1600 500 1642 qua
523 1586 715 1629 ecclesiae
741 1586 891 1628 Christi
917 1586 1088 1628 insitum
1113 1591 1258 1627 tenent
1282 1590 1446 1641 praeter
1470 1584 1729 1640 baptismum

148 1659 191 1696 et
210 1653 574 1709 participationem
606 1666 772 1694 mensae
806 1651 1037 1694 dominicae
1070 1665 1154 1695 non
1186 1651 1321 1694 solum
1353 1651 1407 1693 ad
1438 1664 1613 1705 regnum
1645 1649 1725 1700 dei,

149 1719 221 1762 sed
233 1732 308 1761 nec
319 1719 373 1761 ad
384 1718 563 1761 salutem
575 1724 617 1760 et
628 1718 762 1760 uitam
774 1723 987 1760 aeternam
1008 1731 1126 1773 posse
1139 1730 1393 1773 quemquam
1412 1716 1629 1758 hominum
1641 1729 1731 1771 per-

150 1783 313 1827 uenire?
332 1785 410 1827 hoe
429 1783 540 1826 enim
557 1790 599 1826 et
617 1784 824 1839 scriptura
841 1788 1022 1826 testatur
1041 1783 1270 1826 secundum
1287 1796 1337 1825 ea
1355 1796 1460 1838 quae
1479 1796 1605 1837 supra
1625 1781 1731 1823 dixi-

149 1864 253 1893 mus.
271 1864 371 1892 nam
382 1849 481 1906 quid
502 1849 612 1892 aliud
635 1855 781 1892 tenent
802 1849 1141 1905 quibaptismum
1152 1848 1318 1891 nomine
1330 1848 1476 1890 salutis
1498 1847 1726 1903 appellant,

150 1916 229 1958 nisi
250 1916 359 1971 quod
381 1915 542 1958 dictum
562 1921 643 1958 est:
671 1915 840 1958 saluos
869 1928 955 1958 nos
981 1914 1104 1957 fecit
1132 1927 1217 1970 per
1241 1914 1505 1957 lauacrum
1531 1926 1727 1968 regene-

148 1981 365 2024 rationis
409 1986 451 2024 et
481 1981 592 2037 quod
621 1981 770 2024 Petrus
800 1981 878 2023 ait:
916 1981 985 2023 sic
1020 1985 1068 2023 et
1105 1994 1191 2022 uos
1226 1979 1380 2022 simili
1415 1980 1577 2021 forma
1612 1978 1726 2033 bap-

149 2047 302 2090 tisma
331 2046 500 2090 saluos
531 2046 686 2090 facit?
714 2046 814 2102 quid
839 2046 951 2090 aliud
977 2046 1105 2089 etiam
1131 2046 1202 2101 qui
1227 2050 1535 2088 sacramentum
1561 2057 1727 2086 mensae

240 2155 260 2189 2
283 2153 326 2189 cf.
351 2153 425 2189 Ioh.
448 2154 481 2196 6,
501 2155 543 2189 54
688 2153 731 2188 cf.
760 2153 833 2188 Ioh.
856 2154 890 2195 3,
913 2153 957 2188 36
1069 2155 1088 2189 4
1111 2152 1153 2188 cf.
1178 2152 1267 2199 Eph.
1294 2154 1325 2194 2,
1347 2153 1368 2187 3
1489 2152 1510 2185 6
1534 2152 1607 2186 Ioh.
1632 2153 1661 2192 1,
1685 2151 1728 2186 29

149 2213 170 2249 8
187 2213 269 2249 Luc.
287 2214 319 2256 2,
337 2215 375 2249 11
490 2215 532 2249 13
549 2213 592 2249 cf.
613 2213 713 2249 Rom.
732 2215 764 2255 7,
782 2215 823 2248 14
937 2213 980 2248 20
997 2212 1040 2248 cf.
1053 2212 1159 2248 Marc.
1172 2213 1226 2254 16,
1244 2213 1295 2247 16.
1311 2212 1392 2246 Ioh.
1413 2212 1727 2253 3‚5.1Cor.10‚16

151 2274 194 2309 25
216 2272 284 2308 Tit.
307 2274 341 2315 3,
362 2274 384 2309 5
477 2274 519 2309 26
544 2273 558 2307 Ι
583 2274 675 2309 Petr.
697 2274 731 2314 3,
754 2274 794 2308 21

242 2353 257 2386 1
272 2351 339 2386 hac
354 2350 381 2386 L
502 2352 523 2387 2
535 2350 602 2397 est]
617 2349 722 2386 fuerit
735 2350 753 2385 b
844 2351 866 2386 3
882 2360 945 2386 nec
956 2350 991 2394 (e
1003 2350 1092 2386 s.l.m
1102 2349 1173 2395 2)V
1262 2350 1370 2385 habet
1380 2361 1398 2385 2
1518 2347 1675 2383 manebit
1687 2348 1728 2382 M

151 2411 172 2446 4
195 2409 284 2445 iram
306 2410 334 2446 S
425 2409 476 2445 ffli
499 2410 526 2445 S
616 2411 638 2446 5
661 2409 692 2446 si
715 2410 790 2457 per]
815 2421 919 2456 super
947 2409 976 2444 V
1067 2411 1088 2445 6
1108 2409 1164 2444 dei
1184 2421 1248 2445 om.
1270 2409 1305 2444 K
1406 2410 1428 2444 9
1447 2408 1551 2444 hodie
1574 2408 1672 2443 uobis
1696 2408 1727 2442 A

151 2469 326 2506 redemtor
355 2469 385 2504 V
412 2469 569 2506 saluatur
595 2469 662 2505 KG
759 2469 931 2505 deleretur
948 2469 1066 2506 LSPG
1083 2469 1257 2513 deleretur
1287 2469 1317 2504 V
1421 2470 1460 2504 11
1489 2467 1665 2503 infantum
1694 2467 1728 2501 K

151 2528 239 2565 iacit
254 2529 392 2565 s.1.Gm2
538 2531 580 2565 12
597 2528 745 2565 redemit
759 2528 997 2565 LmISVPml
1016 2528 1163 2565 redimet
1178 2529 1268 2564 Kml
1410 2529 1450 2564 13
1467 2526 1672 2563 uenumdati
1689 2527 1730 2562 bd

153 2589 193 2624 15
203 2588 423 2635 promittitur
450 2588 645 2625 infantibus
675 2588 822 2625 LmlSP
957 2590 998 2625 16
1030 2588 1237 2635 proferenda
1260 2588 1290 2623 V
1430 2589 1472 2623 18
1501 2587 1637 2622 saluam
1666 2587 1693 2621 S
1701 2585 1727 2620 V

154 2648 196 2684 19
204 2647 339 2684 extimo
347 2648 464 2684 SVm1
474 2647 602 2693 estimo
612 2648 689 2684 AM
780 2653 817 2684 et
829 2659 893 2684 om.
908 2649 942 2683 Α
1036 2649 1081 2684 20
1091 2659 1180 2694 quae
1192 2648 1284 2684 SPG
1300 2659 1390 2694 qua*
1408 2647 1483 2682 VM
1574 2650 1672 2682 tenet
1686 2645 1727 2679 M

153 2707 193 2744 21
218 2707 312 2744 dom.
334 2718 474 2744 mensae
497 2708 516 2744 b
621 2718 693 2744 non
708 2707 823 2744 solum
839 2718 910 2743 non
927 2708 946 2743 b
1058 2709 1100 2744 22
1117 2698 1216 2743 ossnffi
1234 2708 1266 2742 Α
1380 2708 1423 2743 23
1437 2710 1474 2742 et
1491 2718 1554 2741 om.
1571 2704 1729 2741 GleA

150 2769 229 2803 mu
243 2766 418 2813 scriptura
433 2778 517 2804 erae.
537 2771 557 2804 ὃ
573 2767 610 2804 Κ
720 2767 762 2804 26
780 2766 891 2813 quod]
900 2767 977 2803 add.
989 2767 1069 2803 etA
1174 2766 1295 2803 similis
1314 2767 1355 2802 M
1447 2765 1667 2812 baptismum
1685 2764 1727 2799 M

151 2825 269 2863 saluos
285 2826 374 2864 facit
389 2826 568 2874 baptisma
583 2826 651 2862 KG
740 2828 783 2863 27
805 2826 912 2864 fuecit
936 2826 967 2862 V
1058 2826 1145 2874 quid
1158 2826 1198 2873 (d
1207 2826 1365 2870 2.l.m2)l,

224 2895 289 2925 LX.
306 2896 430 2931 Auen-t.
447 2895 521 2926 vul
540 2904 607 2932 pen
625 2896 652 2926 1.
669 2896 749 2926 vrbs
760 2898 791 2925 et
803 2897 910 2932 zyohn.
1633 2897 1655 2930 3
