<?xml version="1.0" encoding="UTF-8"?>
<!DOCTYPE html PUBLIC "-//W3C//DTD XHTML 1.0 Transitional//EN"
    "http://www.w3.org/TR/xhtml1/DTD/xhtml1-transitional.dtd">
<html xmlns="http://www.w3.org/1999/xhtml" xml:lang="en" lang="en">
 <head>
  <title>
</title>
<meta http-equiv="Content-Type" content="text/html;charset=utf-8" />
  <meta name='ocr-system' content='tesseract 3.04.00' />
  <meta name='ocr-capabilities' content='ocr_page ocr_carea ocr_par ocr_line ocrx_word'/>
</head>
<body>
  <div class='ocr_page' id='page_1' title='image "./corpusscriptorum60auguuoft_0315.png"; bbox 0 0 2028 3204; ppageno 0'>
   <div class='ocr_carea' id='block_1_1' title="bbox 786 179 1788 237">
    <p class='ocr_par' dir='ltr' id='par_1_1' title="bbox 786 179 1788 237">
     <span class='ocr_line' id='line_1_1' title="bbox 786 179 1788 237; baseline -0.006 -11"><span class='ocrx_word' id='word_1_1' title='bbox 786 201 862 237; x_wconf 76' lang='lat' dir='ltr'>cap.</span> <span class='ocrx_word' id='word_1_2' title='bbox 896 191 952 231; x_wconf 77' lang='lat'>57,</span> <span class='ocrx_word' id='word_1_3' title='bbox 983 190 1128 230; x_wconf 82' lang='grc'><strong>67-60,</strong></span> <span class='ocrx_word' id='word_1_4' title='bbox 1164 190 1207 225; x_wconf 82' lang='grc'>70</span> <span class='ocrx_word' id='word_1_5' title='bbox 1703 179 1788 221; x_wconf 72' lang='lat'>285</span> 
     </span>
    </p>
   </div>
   <div class='ocr_carea' id='block_1_2' title="bbox 157 315 1793 1556">
    <p class='ocr_par' dir='ltr' id='par_1_2' title="bbox 157 315 1793 624">
     <span class='ocr_line' id='line_1_2' title="bbox 202 315 1791 372; baseline -0.001 -12"><span class='ocrx_word' id='word_1_6' title='bbox 202 324 249 361; x_wconf 90' lang='lat' dir='ltr'>ut</span> <span class='ocrx_word' id='word_1_7' title='bbox 269 318 436 360; x_wconf 85' lang='lat' dir='ltr'>diabolo</span> <span class='ocrx_word' id='word_1_8' title='bbox 457 316 697 359; x_wconf 79' lang='lat' dir='ltr'>resistamus</span> <span class='ocrx_word' id='word_1_9' title='bbox 718 322 761 359; x_wconf 88' lang='lat' dir='ltr'>et</span> <span class='ocrx_word' id='word_1_10' title='bbox 783 316 915 372; x_wconf 81' lang='lat' dir='ltr'>fugiat</span> <span class='ocrx_word' id='word_1_11' title='bbox 936 330 961 358; x_wconf 87' lang='lat' dir='ltr'>a</span> <span class='ocrx_word' id='word_1_12' title='bbox 981 316 1113 365; x_wconf 53' lang='lat' dir='ltr'>nobis</span> <span class='ocrx_word' id='word_1_13' title='bbox 1136 315 1228 358; x_wconf 88' lang='lat' dir='ltr'>ideo</span> <span class='ocrx_word' id='word_1_14' title='bbox 1251 322 1467 371; x_wconf 79' lang='lat' dir='ltr'>precantes</span> <span class='ocrx_word' id='word_1_15' title='bbox 1488 315 1686 358; x_wconf 73' lang='lat' dir='ltr'>dicimus:</span> <span class='ocrx_word' id='word_1_16' title='bbox 1726 331 1752 359; x_wconf 90' lang='grc' dir='ltr'>ιι</span> <span class='ocrx_word' id='word_1_17' title='bbox 1770 330 1791 358; x_wconf 90' lang='lat' dir='ltr'>e</span> 
     </span>
     <span class='ocr_line' id='line_1_3' title="bbox 204 381 1791 438; baseline -0.001 -13"><span class='ocrx_word' id='word_1_18' title='bbox 204 397 331 426; x_wconf 83' lang='lat' dir='ltr'>nos</span> <span class='ocrx_word' id='word_1_19' title='bbox 404 382 716 425; x_wconf 84' lang='lat' dir='ltr'>inferas</span> <span class='ocrx_word' id='word_1_20' title='bbox 776 381 843 424; x_wconf 89' lang='lat' dir='ltr'>in</span> <span class='ocrx_word' id='word_1_21' title='bbox 915 381 1554 438; x_wconf 87' lang='lat' dir='ltr'>temptationem:</span> <span class='ocrx_word' id='word_1_22' title='bbox 1599 382 1692 424; x_wconf 85' lang='lat' dir='ltr'>ideo</span> <span class='ocrx_word' id='word_1_23' title='bbox 1750 387 1791 424; x_wconf 87' lang='lat' dir='ltr'>et</span> 
     </span>
     <span class='ocr_line' id='line_1_4' title="bbox 203 447 1792 504; baseline -0.002 -13"><span class='ocrx_word' id='word_1_24' title='bbox 203 448 410 492; x_wconf 80' lang='lat' dir='ltr'>admoniti</span> <span class='ocrx_word' id='word_1_25' title='bbox 460 462 603 491; x_wconf 85' lang='lat' dir='ltr'>sumus</span> <span class='ocrx_word' id='word_1_26' title='bbox 655 453 874 503; x_wconf 85' lang='lat' dir='ltr'>tamquam</span> <span class='ocrx_word' id='word_1_27' title='bbox 928 448 981 490; x_wconf 85' lang='lat' dir='ltr'>ab</span> <span class='ocrx_word' id='word_1_28' title='bbox 1035 448 1285 504; x_wconf 84' lang='lat' dir='ltr'>imperatore</span> <span class='ocrx_word' id='word_1_29' title='bbox 1337 447 1488 489; x_wconf 84' lang='lat' dir='ltr'>milites</span> <span class='ocrx_word' id='word_1_30' title='bbox 1540 449 1792 490; x_wconf 81' lang='lat' dir='ltr'>exhortante</span> 
     </span>
     <span class='ocr_line' id='line_1_5' title="bbox 205 512 1793 569; baseline -0.001 -12"><span class='ocrx_word' id='word_1_31' title='bbox 205 521 247 557; x_wconf 90' lang='lat' dir='ltr'>et</span> <span class='ocrx_word' id='word_1_32' title='bbox 270 514 455 557; x_wconf 77' lang='lat' dir='ltr'>dicente:</span> <span class='ocrx_word' id='word_1_33' title='bbox 486 514 759 569; x_wconf 84' lang='lat' dir='ltr'>uigilate</span> <span class='ocrx_word' id='word_1_34' title='bbox 799 519 857 556; x_wconf 83' lang='lat' dir='ltr'>et</span> <span class='ocrx_word' id='word_1_35' title='bbox 892 518 1080 565; x_wconf 85' lang='lat' dir='ltr'>orate,</span> <span class='ocrx_word' id='word_1_36' title='bbox 1118 527 1181 555; x_wconf 87' lang='lat' dir='ltr'>ne</span> <span class='ocrx_word' id='word_1_37' title='bbox 1215 512 1484 556; x_wconf 80' lang='lat' dir='ltr'>intretis</span> <span class='ocrx_word' id='word_1_38' title='bbox 1531 513 1587 555; x_wconf 86' lang='lat' dir='ltr'>in</span> <span class='ocrx_word' id='word_1_39' title='bbox 1614 520 1793 569; x_wconf 83' lang='lat' dir='ltr'>temp-</span> 
     </span>
     <span class='ocr_line' id='line_1_6' title="bbox 157 581 523 624; baseline 0.003 -3"><span class='ocrx_word' id='word_1_40' title='bbox 157 613 164 621; x_wconf 89' lang='lat'>.</span> <span class='ocrx_word' id='word_1_41' title='bbox 203 586 221 624; x_wconf 91' lang='lat' dir='ltr'>t</span> <span class='ocrx_word' id='word_1_42' title='bbox 238 595 262 623; x_wconf 88' lang='lat' dir='ltr'>a</span> <span class='ocrx_word' id='word_1_43' title='bbox 281 587 294 623; x_wconf 86' lang='lat' dir='ltr'>t</span> <span class='ocrx_word' id='word_1_44' title='bbox 316 581 327 622; x_wconf 92' lang='lat' dir='ltr'>i</span> <span class='ocrx_word' id='word_1_45' title='bbox 345 596 368 623; x_wconf 91' lang='lat' dir='ltr'>o</span> <span class='ocrx_word' id='word_1_46' title='bbox 385 595 411 623; x_wconf 91' lang='lat' dir='ltr'>n</span> <span class='ocrx_word' id='word_1_47' title='bbox 430 595 451 622; x_wconf 88' lang='lat' dir='ltr'>e</span> <span class='ocrx_word' id='word_1_48' title='bbox 469 594 523 622; x_wconf 90' lang='lat' dir='ltr'>m.</span> 
     </span>
    </p>

    <p class='ocr_par' dir='ltr' id='par_1_3' title="bbox 159 644 1793 1556">
     <span class='ocr_line' id='line_1_7' title="bbox 313 644 1790 701; baseline -0.001 -14"><span class='ocrx_word' id='word_1_49' title='bbox 313 646 423 689; x_wconf 82' lang='lat' dir='ltr'>LIX.</span> <span class='ocrx_word' id='word_1_50' title='bbox 449 646 512 689; x_wconf 85' lang='lat'>69.</span> <span class='ocrx_word' id='word_1_51' title='bbox 562 645 682 696; x_wconf 87' lang='lat' dir='ltr'>Quod</span> <span class='ocrx_word' id='word_1_52' title='bbox 708 658 807 688; x_wconf 89' lang='lat' dir='ltr'>uero</span> <span class='ocrx_word' id='word_1_53' title='bbox 832 651 979 688; x_wconf 84' lang='lat' dir='ltr'>eontra</span> <span class='ocrx_word' id='word_1_54' title='bbox 1003 659 1071 687; x_wconf 87' lang='lat' dir='ltr'>eos</span> <span class='ocrx_word' id='word_1_55' title='bbox 1096 645 1301 701; x_wconf 84' lang='lat' dir='ltr'>disputat,</span> <span class='ocrx_word' id='word_1_56' title='bbox 1329 645 1400 700; x_wconf 90' lang='lat' dir='ltr'>qui</span> <span class='ocrx_word' id='word_1_57' title='bbox 1424 644 1590 688; x_wconf 80' lang='lat' dir='ltr'>dicunt:</span> <span class='ocrx_word' id='word_1_58' title='bbox 1620 646 1672 687; x_wconf 77' lang='lat' dir='ltr'>‘et</span> <span class='ocrx_word' id='word_1_59' title='bbox 1700 645 1790 700; x_wconf 72' lang='lat' dir='ltr'>quis</span> 
     </span>
     <span class='ocr_line' id='line_1_8' title="bbox 203 710 1790 767; baseline -0.001 -13"><span class='ocrx_word' id='word_1_60' title='bbox 203 712 305 754; x_wconf 88' lang='lat' dir='ltr'>nolit</span> <span class='ocrx_word' id='word_1_61' title='bbox 331 712 418 754; x_wconf 85' lang='lat' dir='ltr'>sine</span> <span class='ocrx_word' id='word_1_62' title='bbox 442 716 614 767; x_wconf 77' lang='lat' dir='ltr'>peccato</span> <span class='ocrx_word' id='word_1_63' title='bbox 638 725 738 757; x_wconf 84' lang='lat' dir='ltr'>esse.</span> <span class='ocrx_word' id='word_1_64' title='bbox 763 711 798 753; x_wconf 87' lang='lat' dir='ltr'>si</span> <span class='ocrx_word' id='word_1_65' title='bbox 820 711 898 753; x_wconf 81' lang='lat' dir='ltr'>hoc</span> <span class='ocrx_word' id='word_1_66' title='bbox 922 710 962 753; x_wconf 92' lang='lat' dir='ltr'>in</span> <span class='ocrx_word' id='word_1_67' title='bbox 985 710 1166 753; x_wconf 87' lang='lat' dir='ltr'>hominis</span> <span class='ocrx_word' id='word_1_68' title='bbox 1190 716 1296 753; x_wconf 83' lang='lat' dir='ltr'>esset</span> <span class='ocrx_word' id='word_1_69' title='bbox 1321 711 1505 766; x_wconf 84' lang='lat' dir='ltr'>positum</span> <span class='ocrx_word' id='word_1_70' title='bbox 1531 717 1742 766; x_wconf 80' lang='lat' dir='ltr'>potestate</span> <span class='ocrx_word' id='word_1_71' title='bbox 1756 711 1790 752; x_wconf 59' lang='grc' dir='ltr'>ἓ*</span> 
     </span>
     <span class='ocr_line' id='line_1_9' title="bbox 205 776 1789 833; baseline 0 -13"><span class='ocrx_word' id='word_1_72' title='bbox 205 786 313 820; x_wconf 80' lang='lat' dir='ltr'>reete</span> <span class='ocrx_word' id='word_1_73' title='bbox 343 778 511 833; x_wconf 89' lang='lat' dir='ltr'>quidem</span> <span class='ocrx_word' id='word_1_74' title='bbox 539 777 730 833; x_wconf 87' lang='lat' dir='ltr'>disputat</span> <span class='ocrx_word' id='word_1_75' title='bbox 760 777 850 819; x_wconf 83' lang='lat' dir='ltr'>‘hoc</span> <span class='ocrx_word' id='word_1_76' title='bbox 878 776 968 832; x_wconf 88' lang='lat' dir='ltr'>ipso</span> <span class='ocrx_word' id='word_1_77' title='bbox 996 791 1064 819; x_wconf 84' lang='lat' dir='ltr'>eos</span> <span class='ocrx_word' id='word_1_78' title='bbox 1092 777 1284 819; x_wconf 81' lang='lat' dir='ltr'>confiteri</span> <span class='ocrx_word' id='word_1_79' title='bbox 1312 791 1393 818; x_wconf 89' lang='lat' dir='ltr'>non</span> <span class='ocrx_word' id='word_1_80' title='bbox 1423 791 1509 819; x_wconf 85' lang='lat' dir='ltr'>esse</span> <span class='ocrx_word' id='word_1_81' title='bbox 1538 777 1789 832; x_wconf 77' lang='lat' dir='ltr'>inpossibile.</span> 
     </span>
     <span class='ocr_line' id='line_1_10' title="bbox 205 842 1793 899; baseline 0 -14"><span class='ocrx_word' id='word_1_82' title='bbox 205 844 303 899; x_wconf 84' lang='lat' dir='ltr'>quia</span> <span class='ocrx_word' id='word_1_83' title='bbox 322 844 398 886; x_wconf 86' lang='lat' dir='ltr'>hoe</span> <span class='ocrx_word' id='word_1_84' title='bbox 417 843 483 886; x_wconf 84' lang='lat' dir='ltr'>uel</span> <span class='ocrx_word' id='word_1_85' title='bbox 501 843 625 886; x_wconf 87' lang='lat' dir='ltr'>multi</span> <span class='ocrx_word' id='word_1_86' title='bbox 644 844 708 886; x_wconf 89' lang='lat' dir='ltr'>uel</span> <span class='ocrx_word' id='word_1_87' title='bbox 729 856 870 885; x_wconf 90' lang='lat' dir='ltr'>omnes</span> <span class='ocrx_word' id='word_1_88' title='bbox 890 843 1074 890; x_wconf 83' lang='lat' dir='ltr'>uolunt‘;</span> <span class='ocrx_word' id='word_1_89' title='bbox 1094 844 1165 885; x_wconf 90' lang='lat' dir='ltr'>sed</span> <span class='ocrx_word' id='word_1_90' title='bbox 1183 843 1262 885; x_wconf 78' lang='lat' dir='ltr'>hoe</span> <span class='ocrx_word' id='word_1_91' title='bbox 1282 843 1391 885; x_wconf 89' lang='lat' dir='ltr'>unde</span> <span class='ocrx_word' id='word_1_92' title='bbox 1410 842 1463 885; x_wconf 83' lang='lat' dir='ltr'>sit</span> <span class='ocrx_word' id='word_1_93' title='bbox 1484 843 1677 898; x_wconf 85' lang='lat' dir='ltr'>possibile</span> <span class='ocrx_word' id='word_1_94' title='bbox 1696 857 1793 885; x_wconf 83' lang='lat' dir='ltr'>eon-</span> 
     </span>
     <span class='ocr_line' id='line_1_11' title="bbox 204 908 1790 964; baseline 0 -14"><span class='ocrx_word' id='word_1_95' title='bbox 204 910 388 959; x_wconf 86' lang='lat' dir='ltr'>fiteatur,</span> <span class='ocrx_word' id='word_1_96' title='bbox 416 915 458 952; x_wconf 91' lang='lat' dir='ltr'>et</span> <span class='ocrx_word' id='word_1_97' title='bbox 486 923 569 964; x_wconf 85' lang='lat' dir='ltr'>pax</span> <span class='ocrx_word' id='word_1_98' title='bbox 595 915 670 952; x_wconf 90' lang='lat' dir='ltr'>est.</span> <span class='ocrx_word' id='word_1_99' title='bbox 715 908 806 964; x_wconf 85' lang='lat' dir='ltr'>ipsa</span> <span class='ocrx_word' id='word_1_100' title='bbox 832 914 893 950; x_wconf 85' lang='lat' dir='ltr'>est</span> <span class='ocrx_word' id='word_1_101' title='bbox 921 908 1031 951; x_wconf 90' lang='lat' dir='ltr'>enim</span> <span class='ocrx_word' id='word_1_102' title='bbox 1057 908 1194 963; x_wconf 79' lang='lat' dir='ltr'>gratia</span> <span class='ocrx_word' id='word_1_103' title='bbox 1219 908 1286 950; x_wconf 92' lang='lat' dir='ltr'>dei</span> <span class='ocrx_word' id='word_1_104' title='bbox 1314 923 1386 963; x_wconf 84' lang='lat' dir='ltr'>per</span> <span class='ocrx_word' id='word_1_105' title='bbox 1415 909 1550 951; x_wconf 80' lang='lat' dir='ltr'>Iesum</span> <span class='ocrx_word' id='word_1_106' title='bbox 1578 908 1790 951; x_wconf 64' lang='lat' dir='ltr'>Christum</span> 
     </span>
     <span class='ocr_line' id='line_1_12' title="bbox 201 974 1787 1030; baseline -0.001 -13"><span class='ocrx_word' id='word_1_107' title='bbox 201 975 417 1018; x_wconf 86' lang='lat' dir='ltr'>dominum</span> <span class='ocrx_word' id='word_1_108' title='bbox 447 980 651 1025; x_wconf 83' lang='lat' dir='ltr'>nostrum,</span> <span class='ocrx_word' id='word_1_109' title='bbox 681 988 765 1030; x_wconf 87' lang='lat' dir='ltr'>qua</span> <span class='ocrx_word' id='word_1_110' title='bbox 793 974 962 1016; x_wconf 86' lang='lat' dir='ltr'>omnino</span> <span class='ocrx_word' id='word_1_111' title='bbox 992 974 1068 1016; x_wconf 83' lang='lat' dir='ltr'>iste</span> <span class='ocrx_word' id='word_1_112' title='bbox 1096 988 1170 1017; x_wconf 91' lang='lat' dir='ltr'>nos</span> <span class='ocrx_word' id='word_1_113' title='bbox 1200 980 1367 1017; x_wconf 87' lang='lat' dir='ltr'>orantes</span> <span class='ocrx_word' id='word_1_114' title='bbox 1396 974 1601 1026; x_wconf 84' lang='lat' dir='ltr'>adiuuari,</span> <span class='ocrx_word' id='word_1_115' title='bbox 1631 981 1678 1017; x_wconf 88' lang='lat' dir='ltr'>ut.</span> <span class='ocrx_word' id='word_1_116' title='bbox 1708 988 1787 1016; x_wconf 81' lang='lat' dir='ltr'>non</span> 
     </span>
     <span class='ocr_line' id='line_1_13' title="bbox 202 1039 1787 1097; baseline 0.001 -14"><span class='ocrx_word' id='word_1_117' title='bbox 202 1055 432 1096; x_wconf 75' lang='lat' dir='ltr'>peeeemus,</span> <span class='ocrx_word' id='word_1_118' title='bbox 465 1055 673 1097; x_wconf 85' lang='lat' dir='ltr'>nusquam</span> <span class='ocrx_word' id='word_1_119' title='bbox 704 1041 839 1083; x_wconf 82' lang='lat' dir='ltr'>(licere</span> <span class='ocrx_word' id='word_1_120' title='bbox 870 1040 1017 1083; x_wconf 87' lang='lat' dir='ltr'>uoluit.</span> <span class='ocrx_word' id='word_1_121' title='bbox 1088 1041 1199 1095; x_wconf 88' lang='lat' dir='ltr'>quod</span> <span class='ocrx_word' id='word_1_122' title='bbox 1231 1040 1265 1082; x_wconf 85' lang='lat' dir='ltr'>si</span> <span class='ocrx_word' id='word_1_123' title='bbox 1296 1039 1403 1083; x_wconf 86' lang='lat' dir='ltr'>forte</span> <span class='ocrx_word' id='word_1_124' title='bbox 1435 1041 1616 1083; x_wconf 85' lang='lat' dir='ltr'>latenter</span> <span class='ocrx_word' id='word_1_125' title='bbox 1646 1040 1787 1085; x_wconf 81' lang='lat' dir='ltr'>sentit.</span> 
     </span>
     <span class='ocr_line' id='line_1_14' title="bbox 204 1105 1789 1162; baseline -0.001 -13"><span class='ocrx_word' id='word_1_126' title='bbox 204 1107 389 1162; x_wconf 70' lang='lat' dir='ltr'>ignoscat</span> <span class='ocrx_word' id='word_1_127' title='bbox 414 1106 535 1149; x_wconf 85' lang='lat' dir='ltr'>aliter</span> <span class='ocrx_word' id='word_1_128' title='bbox 556 1106 879 1162; x_wconf 80' lang='lat' dir='ltr'>suspicantibus,</span> <span class='ocrx_word' id='word_1_129' title='bbox 921 1106 1008 1161; x_wconf 88' lang='lat' dir='ltr'>ipse</span> <span class='ocrx_word' id='word_1_130' title='bbox 1032 1106 1141 1148; x_wconf 89' lang='lat' dir='ltr'>enim</span> <span class='ocrx_word' id='word_1_131' title='bbox 1165 1106 1243 1148; x_wconf 85' lang='lat' dir='ltr'>hoc</span> <span class='ocrx_word' id='word_1_132' title='bbox 1269 1105 1381 1156; x_wconf 83' lang='lat' dir='ltr'>facit,</span> <span class='ocrx_word' id='word_1_133' title='bbox 1409 1106 1480 1162; x_wconf 91' lang='lat' dir='ltr'>qui</span> <span class='ocrx_word' id='word_1_134' title='bbox 1503 1121 1597 1148; x_wconf 76' lang='lat' dir='ltr'>eum</span> <span class='ocrx_word' id='word_1_135' title='bbox 1623 1111 1789 1148; x_wconf 84' lang='lat' dir='ltr'>tantam</span> 
     </span>
     <span class='ocr_line' id='line_1_15' title="bbox 200 1172 1790 1228; baseline -0.001 -13"><span class='ocrx_word' id='word_1_136' title='bbox 200 1174 251 1215; x_wconf 88' lang='lat' dir='ltr'>de</span> <span class='ocrx_word' id='word_1_137' title='bbox 272 1173 349 1215; x_wconf 78' lang='lat' dir='ltr'>hae</span> <span class='ocrx_word' id='word_1_138' title='bbox 374 1187 413 1214; x_wconf 88' lang='lat' dir='ltr'>re</span> <span class='ocrx_word' id='word_1_139' title='bbox 435 1173 624 1228; x_wconf 80' lang='lat' dir='ltr'>patiatur</span> <span class='ocrx_word' id='word_1_140' title='bbox 643 1172 860 1221; x_wconf 83' lang='lat' dir='ltr'>inuidiam,</span> <span class='ocrx_word' id='word_1_141' title='bbox 883 1172 1036 1214; x_wconf 85' lang='lat' dir='ltr'>sentire</span> <span class='ocrx_word' id='word_1_142' title='bbox 1054 1172 1093 1214; x_wconf 86' lang='lat' dir='ltr'>id</span> <span class='ocrx_word' id='word_1_143' title='bbox 1117 1172 1209 1214; x_wconf 90' lang='lat' dir='ltr'>uult</span> <span class='ocrx_word' id='word_1_144' title='bbox 1236 1177 1278 1214; x_wconf 83' lang='lat' dir='ltr'>et</span> <span class='ocrx_word' id='word_1_145' title='bbox 1305 1172 1495 1214; x_wconf 81' lang='lat' dir='ltr'>confiteri</span> <span class='ocrx_word' id='word_1_146' title='bbox 1520 1173 1581 1214; x_wconf 89' lang='lat' dir='ltr'>uel</span> <span class='ocrx_word' id='word_1_147' title='bbox 1603 1172 1790 1227; x_wconf 83' lang='lat' dir='ltr'><strong>profiteri</strong></span> 
     </span>
     <span class='ocr_line' id='line_1_16' title="bbox 159 1237 1788 1294; baseline -0.001 -13"><span class='ocrx_word' id='word_1_148' title='bbox 159 1250 169 1264; x_wconf 58' lang='lat'><em>³</em></span> <span class='ocrx_word' id='word_1_149' title='bbox 201 1253 280 1281; x_wconf 88' lang='lat' dir='ltr'>non</span> <span class='ocrx_word' id='word_1_150' title='bbox 317 1239 420 1281; x_wconf 87' lang='lat' dir='ltr'>uult.</span> <span class='ocrx_word' id='word_1_151' title='bbox 471 1239 571 1294; x_wconf 90' lang='lat' dir='ltr'>quid</span> <span class='ocrx_word' id='word_1_152' title='bbox 607 1245 697 1281; x_wconf 86' lang='lat' dir='ltr'>erat</span> <span class='ocrx_word' id='word_1_153' title='bbox 730 1252 929 1294; x_wconf 78' lang='lat' dir='ltr'>magnum</span> <span class='ocrx_word' id='word_1_154' title='bbox 974 1243 1020 1280; x_wconf 91' lang='lat' dir='ltr'>ut</span> <span class='ocrx_word' id='word_1_155' title='bbox 1065 1239 1142 1280; x_wconf 86' lang='lat' dir='ltr'>hoe</span> <span class='ocrx_word' id='word_1_156' title='bbox 1184 1237 1353 1283; x_wconf 77' lang='lat' dir='ltr'>diceret.</span> <span class='ocrx_word' id='word_1_157' title='bbox 1402 1252 1496 1280; x_wconf 82' lang='lat' dir='ltr'>eum</span> <span class='ocrx_word' id='word_1_158' title='bbox 1544 1238 1788 1293; x_wconf 77' lang='lat' dir='ltr'>praesertim</span> 
     </span>
     <span class='ocr_line' id='line_1_17' title="bbox 200 1303 1788 1360; baseline -0.001 -15"><span class='ocrx_word' id='word_1_159' title='bbox 200 1304 277 1346; x_wconf 89' lang='lat' dir='ltr'>sibi</span> <span class='ocrx_word' id='word_1_160' title='bbox 311 1305 387 1346; x_wconf 78' lang='lat' dir='ltr'>hoe</span> <span class='ocrx_word' id='word_1_161' title='bbox 418 1310 638 1360; x_wconf 82' lang='lat' dir='ltr'>tamquam</span> <span class='ocrx_word' id='word_1_162' title='bbox 672 1318 723 1346; x_wconf 85' lang='lat' dir='ltr'>ex</span> <span class='ocrx_word' id='word_1_163' title='bbox 743 1318 918 1360; x_wconf 83' lang='lat' dir='ltr'>persona</span> <span class='ocrx_word' id='word_1_164' title='bbox 956 1303 1290 1346; x_wconf 84' lang='lat' dir='ltr'>aduersariorum</span> <span class='ocrx_word' id='word_1_165' title='bbox 1329 1304 1569 1359; x_wconf 85' lang='lat' dir='ltr'>oppositum</span> <span class='ocrx_word' id='word_1_166' title='bbox 1606 1309 1788 1346; x_wconf 86' lang='lat' dir='ltr'>tractare</span> 
     </span>
     <span class='ocr_line' id='line_1_18' title="bbox 205 1369 1788 1425; baseline -0.001 -13"><span class='ocrx_word' id='word_1_167' title='bbox 205 1377 246 1412; x_wconf 82' lang='lat' dir='ltr'>et</span> <span class='ocrx_word' id='word_1_168' title='bbox 280 1370 438 1425; x_wconf 86' lang='lat' dir='ltr'>aperire</span> <span class='ocrx_word' id='word_1_169' title='bbox 477 1369 736 1425; x_wconf 77' lang='lat' dir='ltr'>susceperit?</span> <span class='ocrx_word' id='word_1_170' title='bbox 783 1383 856 1412; x_wconf 80' lang='lat' dir='ltr'>eur</span> <span class='ocrx_word' id='word_1_171' title='bbox 888 1369 970 1412; x_wconf 78' lang='lat' dir='ltr'>illic</span> <span class='ocrx_word' id='word_1_172' title='bbox 1002 1370 1132 1412; x_wconf 85' lang='lat' dir='ltr'>solam</span> <span class='ocrx_word' id='word_1_173' title='bbox 1167 1374 1365 1412; x_wconf 81' lang='lat' dir='ltr'>naturam</span> <span class='ocrx_word' id='word_1_174' title='bbox 1397 1370 1618 1412; x_wconf 87' lang='lat' dir='ltr'>defendere</span> <span class='ocrx_word' id='word_1_175' title='bbox 1655 1369 1788 1412; x_wconf 88' lang='lat' dir='ltr'>uoluit</span> 
     </span>
     <span class='ocr_line' id='line_1_19' title="bbox 203 1435 1788 1492; baseline 0 -16"><span class='ocrx_word' id='word_1_176' title='bbox 203 1442 241 1477; x_wconf 86' lang='lat' dir='ltr'>et</span> <span class='ocrx_word' id='word_1_177' title='bbox 286 1435 384 1491; x_wconf 87' lang='lat' dir='ltr'>quia.</span> <span class='ocrx_word' id='word_1_178' title='bbox 422 1435 483 1478; x_wconf 85' lang='lat' dir='ltr'>ita</span> <span class='ocrx_word' id='word_1_179' title='bbox 525 1437 650 1478; x_wconf 88' lang='lat' dir='ltr'>homo</span> <span class='ocrx_word' id='word_1_180' title='bbox 684 1441 848 1478; x_wconf 83' lang='lat' dir='ltr'>creatus</span> <span class='ocrx_word' id='word_1_181' title='bbox 891 1440 967 1486; x_wconf 75' lang='lat' dir='ltr'>est,</span> <span class='ocrx_word' id='word_1_182' title='bbox 998 1441 1045 1478; x_wconf 84' lang='lat' dir='ltr'>ut</span> <span class='ocrx_word' id='word_1_183' title='bbox 1079 1450 1160 1478; x_wconf 90' lang='lat' dir='ltr'>non</span> <span class='ocrx_word' id='word_1_184' title='bbox 1184 1449 1353 1492; x_wconf 85' lang='lat' dir='ltr'>peceare</span> <span class='ocrx_word' id='word_1_185' title='bbox 1374 1442 1527 1491; x_wconf 81' lang='lat' dir='ltr'>posset.</span> <span class='ocrx_word' id='word_1_186' title='bbox 1556 1435 1587 1476; x_wconf 72' lang='lat' dir='ltr'>si</span> <span class='ocrx_word' id='word_1_187' title='bbox 1620 1449 1788 1491; x_wconf 81' lang='lat' dir='ltr'>peceare</span> 
     </span>
     <span class='ocr_line' id='line_1_20' title="bbox 202 1500 1791 1556; baseline -0.001 -13"><span class='ocrx_word' id='word_1_188' title='bbox 202 1501 413 1545; x_wconf 72' lang='lat' dir='ltr'>noluisset.</span> <span class='ocrx_word' id='word_1_189' title='bbox 457 1501 633 1544; x_wconf 84' lang='lat' dir='ltr'>asseruit</span> <span class='ocrx_word' id='word_1_190' title='bbox 665 1515 712 1543; x_wconf 82' lang='lat' dir='ltr'>ac</span> <span class='ocrx_word' id='word_1_191' title='bbox 756 1515 828 1556; x_wconf 83' lang='lat' dir='ltr'>per</span> <span class='ocrx_word' id='word_1_192' title='bbox 852 1501 930 1543; x_wconf 83' lang='lat' dir='ltr'>hoc</span> <span class='ocrx_word' id='word_1_193' title='bbox 957 1501 1067 1556; x_wconf 89' lang='lat' dir='ltr'>quod</span> <span class='ocrx_word' id='word_1_194' title='bbox 1099 1501 1158 1543; x_wconf 89' lang='lat' dir='ltr'>ita</span> <span class='ocrx_word' id='word_1_195' title='bbox 1185 1506 1348 1544; x_wconf 81' lang='lat' dir='ltr'>creatus</span> <span class='ocrx_word' id='word_1_196' title='bbox 1376 1507 1437 1543; x_wconf 76' lang='lat' dir='ltr'>est</span> <span class='ocrx_word' id='word_1_197' title='bbox 1465 1516 1556 1543; x_wconf 84' lang='lat' dir='ltr'>eam</span> <span class='ocrx_word' id='word_1_198' title='bbox 1586 1500 1791 1556; x_wconf 87' lang='lat' dir='ltr'>possibili-</span> 
     </span>
    </p>
   </div>
   <div class='ocr_carea' id='block_1_3' title="bbox 133 1566 1789 1624">
    <p class='ocr_par' dir='ltr' id='par_1_4' title="bbox 133 1566 1789 1624">
     <span class='ocr_line' id='line_1_21' title="bbox 133 1566 1789 1624; baseline 0 -15"><span class='ocrx_word' id='word_1_199' title='bbox 133 1601 147 1608; x_wconf 78' lang='lat'><em>-</em></span> <span class='ocrx_word' id='word_1_200' title='bbox 201 1572 332 1609; x_wconf 85' lang='lat' dir='ltr'>tatem</span> <span class='ocrx_word' id='word_1_201' title='bbox 367 1568 418 1609; x_wconf 86' lang='lat' dir='ltr'>ad</span> <span class='ocrx_word' id='word_1_202' title='bbox 451 1567 629 1623; x_wconf 76' lang='lat' dir='ltr'>gratiam</span> <span class='ocrx_word' id='word_1_203' title='bbox 679 1567 746 1609; x_wconf 88' lang='lat' dir='ltr'>dei</span> <span class='ocrx_word' id='word_1_204' title='bbox 793 1567 997 1624; x_wconf 87' lang='lat' dir='ltr'>pertinere</span> <span class='ocrx_word' id='word_1_205' title='bbox 1035 1566 1243 1613; x_wconf 84' lang='lat' dir='ltr'>definiuit.</span> <span class='ocrx_word' id='word_1_206' title='bbox 1298 1581 1381 1622; x_wconf 87' lang='lat' dir='ltr'>qua.</span> <span class='ocrx_word' id='word_1_207' title='bbox 1423 1567 1712 1622; x_wconf 79' lang='lat' dir='ltr'>possibilitate,</span> <span class='ocrx_word' id='word_1_208' title='bbox 1756 1567 1789 1609; x_wconf 87' lang='lat' dir='ltr'>si</span> 
     </span>
    </p>
   </div>
   <div class='ocr_carea' id='block_1_4' title="bbox 200 1632 1786 1886">
    <p class='ocr_par' dir='ltr' id='par_1_5' title="bbox 200 1632 1786 1820">
     <span class='ocr_line' id='line_1_22' title="bbox 200 1632 1785 1688; baseline -0.001 -13"><span class='ocrx_word' id='word_1_209' title='bbox 200 1632 377 1675; x_wconf 87' lang='lat' dir='ltr'>noluerit</span> <span class='ocrx_word' id='word_1_210' title='bbox 404 1647 588 1688; x_wconf 79' lang='lat' dir='ltr'>peceare.</span> <span class='ocrx_word' id='word_1_211' title='bbox 615 1648 696 1676; x_wconf 87' lang='lat' dir='ltr'>non</span> <span class='ocrx_word' id='word_1_212' title='bbox 724 1638 883 1688; x_wconf 83' lang='lat' dir='ltr'>peceat,</span> <span class='ocrx_word' id='word_1_213' title='bbox 924 1637 967 1675; x_wconf 86' lang='lat' dir='ltr'>et</span> <span class='ocrx_word' id='word_1_214' title='bbox 992 1633 1126 1675; x_wconf 90' lang='lat' dir='ltr'>noluit</span> <span class='ocrx_word' id='word_1_215' title='bbox 1153 1633 1313 1688; x_wconf 81' lang='lat' dir='ltr'>aliquid</span> <span class='ocrx_word' id='word_1_216' title='bbox 1345 1633 1480 1675; x_wconf 75' lang='lat' dir='ltr'>dicere</span> <span class='ocrx_word' id='word_1_217' title='bbox 1506 1634 1556 1674; x_wconf 90' lang='lat' dir='ltr'>de</span> <span class='ocrx_word' id='word_1_218' title='bbox 1583 1648 1644 1679; x_wconf 79' lang='lat' dir='ltr'>eo,</span> <span class='ocrx_word' id='word_1_219' title='bbox 1675 1634 1785 1688; x_wconf 85' lang='lat' dir='ltr'>quod</span> 
     </span>
     <span class='ocr_line' id='line_1_23' title="bbox 201 1698 1786 1754; baseline 0.001 -14"><span class='ocrx_word' id='word_1_220' title='bbox 201 1698 287 1754; x_wconf 86' lang='lat' dir='ltr'>ipsa</span> <span class='ocrx_word' id='word_1_221' title='bbox 316 1704 468 1741; x_wconf 83' lang='lat' dir='ltr'>natura</span> <span class='ocrx_word' id='word_1_222' title='bbox 491 1698 628 1754; x_wconf 87' lang='lat' dir='ltr'>gratia</span> <span class='ocrx_word' id='word_1_223' title='bbox 653 1698 721 1741; x_wconf 88' lang='lat' dir='ltr'>(lei</span> <span class='ocrx_word' id='word_1_224' title='bbox 745 1712 818 1754; x_wconf 90' lang='lat' dir='ltr'>per</span> <span class='ocrx_word' id='word_1_225' title='bbox 845 1699 983 1741; x_wconf 87' lang='lat' dir='ltr'>Iesum</span> <span class='ocrx_word' id='word_1_226' title='bbox 1009 1699 1222 1741; x_wconf 72' lang='lat' dir='ltr'>(¹hristum</span> <span class='ocrx_word' id='word_1_227' title='bbox 1247 1699 1466 1741; x_wconf 88' lang='lat' dir='ltr'>dominum</span> <span class='ocrx_word' id='word_1_228' title='bbox 1495 1704 1686 1741; x_wconf 77' lang='lat' dir='ltr'>nostrum</span> <span class='ocrx_word' id='word_1_229' title='bbox 1721 1700 1786 1741; x_wconf 90' lang='lat' dir='ltr'>uel</span> 
     </span>
     <span class='ocr_line' id='line_1_24' title="bbox 200 1764 1786 1820; baseline 0.001 -15"><span class='ocrx_word' id='word_1_230' title='bbox 200 1770 386 1810; x_wconf 82' lang='lat' dir='ltr'>sanatur,</span> <span class='ocrx_word' id='word_1_231' title='bbox 422 1764 519 1820; x_wconf 86' lang='lat' dir='ltr'>quia</span> <span class='ocrx_word' id='word_1_232' title='bbox 553 1764 706 1807; x_wconf 85' lang='lat' dir='ltr'>uitiata</span> <span class='ocrx_word' id='word_1_233' title='bbox 738 1770 813 1810; x_wconf 82' lang='lat' dir='ltr'>est.</span> <span class='ocrx_word' id='word_1_234' title='bbox 848 1765 913 1806; x_wconf 89' lang='lat' dir='ltr'>uel</span> <span class='ocrx_word' id='word_1_235' title='bbox 952 1764 1049 1819; x_wconf 86' lang='lat' dir='ltr'>quia</span> <span class='ocrx_word' id='word_1_236' title='bbox 1082 1764 1161 1806; x_wconf 88' lang='lat' dir='ltr'>sibi</span> <span class='ocrx_word' id='word_1_237' title='bbox 1195 1779 1276 1807; x_wconf 85' lang='lat' dir='ltr'>non</span> <span class='ocrx_word' id='word_1_238' title='bbox 1323 1764 1481 1807; x_wconf 86' lang='lat' dir='ltr'>suffieit</span> <span class='ocrx_word' id='word_1_239' title='bbox 1527 1765 1786 1807; x_wconf 82' lang='lat' dir='ltr'>adiuuatur?</span> 
     </span>
    </p>

    <p class='ocr_par' dir='ltr' id='par_1_6' title="bbox 309 1829 1786 1886">
     <span class='ocr_line' id='line_1_25' title="bbox 309 1829 1786 1886; baseline 0.001 -15"><span class='ocrx_word' id='word_1_240' title='bbox 309 1830 398 1874; x_wconf 82' lang='lat' dir='ltr'>LX.</span> <span class='ocrx_word' id='word_1_241' title='bbox 423 1830 483 1873; x_wconf 84' lang='lat'>70.</span> <span class='ocrx_word' id='word_1_242' title='bbox 510 1830 661 1872; x_wconf 82' lang='lat' dir='ltr'>Vtrum</span> <span class='ocrx_word' id='word_1_243' title='bbox 681 1829 792 1872; x_wconf 88' lang='lat' dir='ltr'>enim</span> <span class='ocrx_word' id='word_1_244' title='bbox 812 1830 852 1872; x_wconf 90' lang='lat' dir='ltr'>in</span> <span class='ocrx_word' id='word_1_245' title='bbox 872 1831 951 1872; x_wconf 84' lang='lat' dir='ltr'>hoc</span> <span class='ocrx_word' id='word_1_246' title='bbox 970 1831 1134 1872; x_wconf 79' lang='lat' dir='ltr'>saeculo</span> <span class='ocrx_word' id='word_1_247' title='bbox 1155 1830 1280 1873; x_wconf 86' lang='lat' dir='ltr'>fuerit</span> <span class='ocrx_word' id='word_1_248' title='bbox 1300 1831 1365 1872; x_wconf 89' lang='lat' dir='ltr'>uel</span> <span class='ocrx_word' id='word_1_249' title='bbox 1385 1830 1438 1872; x_wconf 92' lang='lat' dir='ltr'>sit</span> <span class='ocrx_word' id='word_1_250' title='bbox 1462 1831 1526 1872; x_wconf 92' lang='lat' dir='ltr'>uel</span> <span class='ocrx_word' id='word_1_251' title='bbox 1547 1830 1678 1886; x_wconf 82' lang='lat' dir='ltr'>possit</span> <span class='ocrx_word' id='word_1_252' title='bbox 1699 1845 1786 1873; x_wconf 85' lang='lat' dir='ltr'>esse</span> 
     </span>
    </p>
   </div>
   <div class='ocr_carea' id='block_1_5' title="bbox 132 1895 1785 1951">
    <p class='ocr_par' dir='ltr' id='par_1_7' title="bbox 132 1895 1785 1951">
     <span class='ocr_line' id='line_1_26' title="bbox 132 1895 1785 1951; baseline 0.001 -14"><span class='ocrx_word' id='word_1_253' title='bbox 132 1908 172 1937; x_wconf 65' lang='grc' dir='ltr'>,τι</span> <span class='ocrx_word' id='word_1_254' title='bbox 201 1895 349 1950; x_wconf 85' lang='lat' dir='ltr'>aliquis</span> <span class='ocrx_word' id='word_1_255' title='bbox 367 1895 425 1938; x_wconf 85' lang='lat' dir='ltr'>ita</span> <span class='ocrx_word' id='word_1_256' title='bbox 446 1896 553 1938; x_wconf 85' lang='lat' dir='ltr'>iuste</span> <span class='ocrx_word' id='word_1_257' title='bbox 577 1896 736 1946; x_wconf 76' lang='lat' dir='ltr'>uiuons,</span> <span class='ocrx_word' id='word_1_258' title='bbox 760 1902 807 1938; x_wconf 94' lang='lat' dir='ltr'>ut</span> <span class='ocrx_word' id='word_1_259' title='bbox 829 1896 990 1938; x_wconf 90' lang='lat' dir='ltr'>nullum</span> <span class='ocrx_word' id='word_1_260' title='bbox 1014 1896 1169 1938; x_wconf 88' lang='lat' dir='ltr'>habeat</span> <span class='ocrx_word' id='word_1_261' title='bbox 1192 1896 1362 1938; x_wconf 85' lang='lat' dir='ltr'>omnino</span> <span class='ocrx_word' id='word_1_262' title='bbox 1386 1902 1619 1951; x_wconf 78' lang='lat' dir='ltr'>peceatum.</span> <span class='ocrx_word' id='word_1_263' title='bbox 1646 1902 1785 1951; x_wconf 83' lang='lat' dir='ltr'>potest</span> 
     </span>
    </p>
   </div>
   <div class='ocr_carea' id='block_1_6' title="bbox 201 1961 1787 2214">
    <p class='ocr_par' dir='ltr' id='par_1_8' title="bbox 201 1961 1787 2214">
     <span class='ocr_line' id='line_1_27' title="bbox 201 1961 1782 2017; baseline 0.001 -14"><span class='ocrx_word' id='word_1_264' title='bbox 201 1975 286 2003; x_wconf 88' lang='lat' dir='ltr'>esse</span> <span class='ocrx_word' id='word_1_265' title='bbox 315 1962 455 2017; x_wconf 85' lang='lat' dir='ltr'>aliqua</span> <span class='ocrx_word' id='word_1_266' title='bbox 475 1962 664 2017; x_wconf 75' lang='lat' dir='ltr'>quaestio</span> <span class='ocrx_word' id='word_1_267' title='bbox 695 1962 804 2004; x_wconf 89' lang='lat' dir='ltr'>inter</span> <span class='ocrx_word' id='word_1_268' title='bbox 832 1976 950 2004; x_wconf 86' lang='lat' dir='ltr'>ueros</span> <span class='ocrx_word' id='word_1_269' title='bbox 980 1961 1153 2017; x_wconf 81' lang='lat' dir='ltr'>piosque</span> <span class='ocrx_word' id='word_1_270' title='bbox 1182 1961 1459 2012; x_wconf 47' lang='lat' dir='ltr'>Christianos</span> <span class='ocrx_word' id='word_1_271' title='bbox 1491 1976 1610 2017; x_wconf 82' lang='lat' dir='ltr'>posse</span> <span class='ocrx_word' id='word_1_272' title='bbox 1639 1968 1782 2004; x_wconf 85' lang='lat' dir='ltr'>tamen</span> 
     </span>
     <span class='ocr_line' id='line_1_28' title="bbox 201 2027 1785 2083; baseline 0.001 -15"><span class='ocrx_word' id='word_1_273' title='bbox 201 2040 287 2069; x_wconf 83' lang='lat' dir='ltr'>esse</span> <span class='ocrx_word' id='word_1_274' title='bbox 307 2033 418 2069; x_wconf 84' lang='lat' dir='ltr'>eerte</span> <span class='ocrx_word' id='word_1_275' title='bbox 436 2034 531 2083; x_wconf 88' lang='lat' dir='ltr'>post</span> <span class='ocrx_word' id='word_1_276' title='bbox 552 2028 660 2070; x_wconf 84' lang='lat' dir='ltr'>hauc</span> <span class='ocrx_word' id='word_1_277' title='bbox 682 2027 815 2070; x_wconf 83' lang='lat' dir='ltr'>uitam</span> <span class='ocrx_word' id='word_1_278' title='bbox 838 2027 1026 2082; x_wconf 85' lang='lat' dir='ltr'>quisquis</span> <span class='ocrx_word' id='word_1_279' title='bbox 1047 2027 1223 2083; x_wconf 83' lang='lat' dir='ltr'>ambigit</span> <span class='ocrx_word' id='word_1_280' title='bbox 1245 2027 1411 2083; x_wconf 84' lang='lat' dir='ltr'>desipit.</span> <span class='ocrx_word' id='word_1_281' title='bbox 1447 2028 1517 2069; x_wconf 88' lang='lat' dir='ltr'>sed</span> <span class='ocrx_word' id='word_1_282' title='bbox 1541 2042 1615 2083; x_wconf 84' lang='lat' dir='ltr'>ego</span> <span class='ocrx_word' id='word_1_283' title='bbox 1638 2042 1712 2070; x_wconf 83' lang='lat' dir='ltr'>nee</span> <span class='ocrx_word' id='word_1_284' title='bbox 1733 2029 1785 2069; x_wconf 88' lang='lat' dir='ltr'>de</span> 
     </span>
     <span class='ocr_line' id='line_1_29' title="bbox 201 2092 1787 2148; baseline 0.001 -15"><span class='ocrx_word' id='word_1_285' title='bbox 201 2092 278 2134; x_wconf 83' lang='lat' dir='ltr'>ista</span> <span class='ocrx_word' id='word_1_286' title='bbox 303 2092 390 2135; x_wconf 87' lang='lat' dir='ltr'>uita</span> <span class='ocrx_word' id='word_1_287' title='bbox 414 2093 508 2136; x_wconf 89' lang='lat' dir='ltr'>uolo</span> <span class='ocrx_word' id='word_1_288' title='bbox 526 2094 790 2136; x_wconf 81' lang='lat' dir='ltr'>contendere.</span> <span class='ocrx_word' id='word_1_289' title='bbox 815 2105 1074 2148; x_wconf 87' lang='lat' dir='ltr'>quamquam</span> <span class='ocrx_word' id='word_1_290' title='bbox 1096 2093 1206 2135; x_wconf 87' lang='lat' dir='ltr'>enim</span> <span class='ocrx_word' id='word_1_291' title='bbox 1225 2092 1327 2135; x_wconf 90' lang='lat' dir='ltr'>mihi</span> <span class='ocrx_word' id='word_1_292' title='bbox 1350 2107 1433 2135; x_wconf 89' lang='lat' dir='ltr'>non</span> <span class='ocrx_word' id='word_1_293' title='bbox 1451 2093 1648 2135; x_wconf 86' lang='lat' dir='ltr'>uideatur</span> <span class='ocrx_word' id='word_1_294' title='bbox 1664 2093 1787 2135; x_wconf 86' lang='lat' dir='ltr'>aliter</span> 
     </span>
     <span class='ocr_line' id='line_1_30' title="bbox 202 2158 1783 2214; baseline 0.001 -14"><span class='ocrx_word' id='word_1_295' title='bbox 202 2158 524 2212; x_wconf 79' lang='lat' dir='ltr'>intellegendum</span> <span class='ocrx_word' id='word_1_296' title='bbox 553 2160 663 2214; x_wconf 88' lang='lat' dir='ltr'>quod</span> <span class='ocrx_word' id='word_1_297' title='bbox 690 2158 894 2214; x_wconf 87' lang='lat' dir='ltr'>scriptum</span> <span class='ocrx_word' id='word_1_298' title='bbox 921 2164 1003 2200; x_wconf 89' lang='lat' dir='ltr'>est:</span> <span class='ocrx_word' id='word_1_299' title='bbox 1031 2172 1055 2200; x_wconf 91' lang='lat' dir='ltr'>n</span> <span class='ocrx_word' id='word_1_300' title='bbox 1076 2173 1099 2200; x_wconf 95' lang='lat' dir='ltr'>o</span> <span class='ocrx_word' id='word_1_301' title='bbox 1117 2173 1143 2201; x_wconf 91' lang='lat' dir='ltr'>n</span> <span class='ocrx_word' id='word_1_302' title='bbox 1187 2158 1200 2200; x_wconf 93' lang='lat' dir='ltr'>i</span> <span class='ocrx_word' id='word_1_303' title='bbox 1218 2173 1243 2200; x_wconf 94' lang='lat' dir='ltr'>u</span> <span class='ocrx_word' id='word_1_304' title='bbox 1263 2172 1280 2199; x_wconf 89' lang='lat' dir='ltr'>s</span> <span class='ocrx_word' id='word_1_305' title='bbox 1299 2164 1316 2200; x_wconf 92' lang='lat' dir='ltr'>t</span> <span class='ocrx_word' id='word_1_306' title='bbox 1337 2159 1346 2200; x_wconf 89' lang='lat' dir='ltr'>i</span> <span class='ocrx_word' id='word_1_307' title='bbox 1368 2159 1381 2199; x_wconf 85' lang='lat' dir='ltr'>l</span> <span class='ocrx_word' id='word_1_308' title='bbox 1400 2159 1410 2200; x_wconf 93' lang='lat' dir='ltr'>i</span> <span class='ocrx_word' id='word_1_309' title='bbox 1429 2172 1449 2200; x_wconf 82' lang='lat' dir='ltr'>e</span> <span class='ocrx_word' id='word_1_310' title='bbox 1468 2175 1488 2200; x_wconf 79' lang='lat' dir='ltr'>a</span> <span class='ocrx_word' id='word_1_311' title='bbox 1510 2159 1536 2200; x_wconf 91' lang='lat' dir='ltr'>b</span> <span class='ocrx_word' id='word_1_312' title='bbox 1556 2158 1566 2200; x_wconf 95' lang='lat' dir='ltr'>i</span> <span class='ocrx_word' id='word_1_313' title='bbox 1584 2164 1601 2201; x_wconf 86' lang='lat' dir='ltr'>t</span> <span class='ocrx_word' id='word_1_314' title='bbox 1624 2174 1649 2201; x_wconf 91' lang='lat' dir='ltr'>u</span> <span class='ocrx_word' id='word_1_315' title='bbox 1669 2173 1687 2200; x_wconf 87' lang='grc' dir='ltr'>ι·</span> <span class='ocrx_word' id='word_1_316' title='bbox 1727 2159 1740 2200; x_wconf 94' lang='lat' dir='ltr'>i</span> <span class='ocrx_word' id='word_1_317' title='bbox 1758 2173 1783 2201; x_wconf 93' lang='lat' dir='ltr'>n</span> 
     </span>
    </p>
   </div>
   <div class='ocr_carea' id='block_1_7' title="bbox 132 2224 1783 2280">
    <p class='ocr_par' dir='ltr' id='par_1_9' title="bbox 132 2224 1783 2280">
     <span class='ocr_line' id='line_1_31' title="bbox 132 2224 1783 2280; baseline 0.002 -16"><span class='ocrx_word' id='word_1_318' title='bbox 132 2248 138 2262; x_wconf 50' lang='lat'><em>⁴</em></span> <span class='ocrx_word' id='word_1_319' title='bbox 200 2232 545 2280; x_wconf 81' lang='lat' dir='ltr'>conspectu</span> <span class='ocrx_word' id='word_1_320' title='bbox 593 2230 696 2267; x_wconf 88' lang='lat' dir='ltr'>tuo</span> <span class='ocrx_word' id='word_1_321' title='bbox 744 2224 937 2267; x_wconf 89' lang='lat' dir='ltr'>omnis</span> <span class='ocrx_word' id='word_1_322' title='bbox 976 2224 1196 2267; x_wconf 86' lang='lat' dir='ltr'>uiuens</span> <span class='ocrx_word' id='word_1_323' title='bbox 1230 2231 1270 2267; x_wconf 84' lang='lat' dir='ltr'>et</span> <span class='ocrx_word' id='word_1_324' title='bbox 1303 2224 1783 2280; x_wconf 79' lang='lat' dir='ltr'>siquasimilia,tan1eu</span> 
     </span>
    </p>
   </div>
   <div class='ocr_carea' id='block_1_8' title="bbox 0 0 178 3204">
    <p class='ocr_par' dir='ltr' id='par_1_10' title="bbox 0 0 178 3204">
     <span class='ocr_line' id='line_1_32' title="bbox 0 0 178 3204; baseline 0 0"><span class='ocrx_word' id='word_1_325' title='bbox 0 0 178 3204; x_wconf 95' lang='lat' dir='ltr'> </span> 
     </span>
    </p>
   </div>
   <div class='ocr_carea' id='block_1_9' title="bbox 200 2289 1784 2412">
    <p class='ocr_par' dir='ltr' id='par_1_11' title="bbox 200 2289 1784 2412">
     <span class='ocr_line' id='line_1_33' title="bbox 200 2289 1784 2346; baseline 0.001 -15"><span class='ocrx_word' id='word_1_326' title='bbox 200 2289 362 2332; x_wconf 86' lang='lat' dir='ltr'>utinam</span> <span class='ocrx_word' id='word_1_327' title='bbox 380 2290 510 2345; x_wconf 86' lang='lat' dir='ltr'>possit</span> <span class='ocrx_word' id='word_1_328' title='bbox 527 2290 691 2332; x_wconf 87' lang='lat' dir='ltr'>ostendi</span> <span class='ocrx_word' id='word_1_329' title='bbox 708 2290 774 2332; x_wconf 89' lang='lat' dir='ltr'>uel</span> <span class='ocrx_word' id='word_1_330' title='bbox 789 2291 891 2333; x_wconf 85' lang='lat' dir='ltr'>haec</span> <span class='ocrx_word' id='word_1_331' title='bbox 907 2289 1150 2332; x_wconf 85' lang='lat' dir='ltr'>testimonia</span> <span class='ocrx_word' id='word_1_332' title='bbox 1166 2290 1312 2333; x_wconf 88' lang='lat' dir='ltr'>melius</span> <span class='ocrx_word' id='word_1_333' title='bbox 1329 2290 1450 2333; x_wconf 86' lang='lat' dir='ltr'>aliter</span> <span class='ocrx_word' id='word_1_334' title='bbox 1465 2290 1650 2344; x_wconf 72' lang='lat' dir='ltr'>intellegi</span> <span class='ocrx_word' id='word_1_335' title='bbox 1665 2303 1784 2346; x_wconf 85' lang='lat' dir='ltr'>posse</span> 
     </span>
     <span class='ocr_line' id='line_1_34' title="bbox 200 2354 1783 2412; baseline 0.001 -15"><span class='ocrx_word' id='word_1_336' title='bbox 200 2354 266 2397; x_wconf 92' lang='lat' dir='ltr'>uel</span> <span class='ocrx_word' id='word_1_337' title='bbox 300 2356 527 2411; x_wconf 81' lang='lat' dir='ltr'>perfectam</span> <span class='ocrx_word' id='word_1_338' title='bbox 562 2356 812 2411; x_wconf 81' lang='lat' dir='ltr'>plenamque</span> <span class='ocrx_word' id='word_1_339' title='bbox 847 2355 1065 2405; x_wconf 83' lang='lat' dir='ltr'>iustitiam,</span> <span class='ocrx_word' id='word_1_340' title='bbox 1101 2355 1170 2399; x_wconf 82' lang='lat' dir='ltr'>eui</span> <span class='ocrx_word' id='word_1_341' title='bbox 1202 2369 1370 2412; x_wconf 84' lang='lat' dir='ltr'>prorsus</span> <span class='ocrx_word' id='word_1_342' title='bbox 1406 2355 1508 2398; x_wconf 89' lang='lat' dir='ltr'>nihil</span> <span class='ocrx_word' id='word_1_343' title='bbox 1542 2357 1783 2398; x_wconf 86' lang='lat' dir='ltr'>addendum</span> 
     </span>
    </p>
   </div>
   <div class='ocr_carea' id='block_1_10' title="bbox 292 2473 1572 2521">
    <p class='ocr_par' dir='ltr' id='par_1_12' title="bbox 292 2473 1572 2521">
     <span class='ocr_line' id='line_1_35' title="bbox 292 2473 1572 2521; baseline 0.002 -13"><span class='ocrx_word' id='word_1_344' title='bbox 292 2474 309 2508; x_wconf 93' lang='lat'>1</span> <span class='ocrx_word' id='word_1_345' title='bbox 330 2473 458 2509; x_wconf 78' lang='lat' dir='ltr'>Matth.</span> <span class='ocrx_word' id='word_1_346' title='bbox 475 2475 508 2516; x_wconf 89' lang='grc'>6,</span> <span class='ocrx_word' id='word_1_347' title='bbox 525 2474 566 2510; x_wconf 90' lang='grc'>13</span> <span class='ocrx_word' id='word_1_348' title='bbox 657 2476 678 2510; x_wconf 90' lang='grc'>4</span> <span class='ocrx_word' id='word_1_349' title='bbox 695 2474 800 2509; x_wconf 79' lang='lat' dir='ltr'>Marc.</span> <span class='ocrx_word' id='word_1_350' title='bbox 822 2475 875 2516; x_wconf 81' lang='lat'>14,</span> <span class='ocrx_word' id='word_1_351' title='bbox 892 2474 937 2509; x_wconf 90' lang='grc'>38</span> <span class='ocrx_word' id='word_1_352' title='bbox 1026 2475 1048 2510; x_wconf 87' lang='grc'>8</span> <span class='ocrx_word' id='word_1_353' title='bbox 1066 2474 1226 2521; x_wconf 82' lang='lat' dir='ltr'>Pelagius</span> <span class='ocrx_word' id='word_1_354' title='bbox 1319 2475 1363 2510; x_wconf 83' lang='lat'>29</span> <span class='ocrx_word' id='word_1_355' title='bbox 1381 2474 1436 2510; x_wconf 85' lang='lat' dir='ltr'>Ps.</span> <span class='ocrx_word' id='word_1_356' title='bbox 1457 2476 1530 2515; x_wconf 84' lang='lat'>142,</span> <span class='ocrx_word' id='word_1_357' title='bbox 1552 2475 1572 2509; x_wconf 85' lang='lat'><strong>2</strong></span> 
     </span>
    </p>
   </div>
   <div class='ocr_carea' id='block_1_11' title="bbox 199 2567 1786 2855">
    <p class='ocr_par' dir='ltr' id='par_1_13' title="bbox 199 2567 1786 2855">
     <span class='ocr_line' id='line_1_36' title="bbox 295 2567 1784 2616; baseline -0.001 -12"><span class='ocrx_word' id='word_1_358' title='bbox 295 2571 309 2604; x_wconf 97' lang='lat' dir='ltr'>l</span> <span class='ocrx_word' id='word_1_359' title='bbox 329 2567 471 2605; x_wconf 79' lang='lat' dir='ltr'>diabulo</span> <span class='ocrx_word' id='word_1_360' title='bbox 486 2569 573 2605; x_wconf 85' lang='lat' dir='ltr'>Dml</span> <span class='ocrx_word' id='word_1_361' title='bbox 681 2571 701 2606; x_wconf 86' lang='lat'>2</span> <span class='ocrx_word' id='word_1_362' title='bbox 720 2569 832 2606; x_wconf 77' lang='lat' dir='ltr'>etiam</span> <span class='ocrx_word' id='word_1_363' title='bbox 846 2569 974 2605; x_wconf 86' lang='lat' dir='ltr'>moniti</span> <span class='ocrx_word' id='word_1_364' title='bbox 986 2569 1041 2614; x_wconf 81' lang='lat' dir='ltr'>(in</span> <span class='ocrx_word' id='word_1_365' title='bbox 1056 2581 1118 2616; x_wconf 66' lang='grc' dir='ltr'>γης.</span> <span class='ocrx_word' id='word_1_366' title='bbox 1133 2571 1189 2605; x_wconf 83' lang='lat' dir='ltr'>m2</span> <span class='ocrx_word' id='word_1_367' title='bbox 1205 2574 1242 2605; x_wconf 89' lang='lat' dir='ltr'>et</span> <span class='ocrx_word' id='word_1_368' title='bbox 1257 2568 1448 2614; x_wconf 80' lang='lat' dir='ltr'>admoniti)</span> <span class='ocrx_word' id='word_1_369' title='bbox 1460 2570 1491 2604; x_wconf 85' lang='lat' dir='ltr'><em>V</em></span> <span class='ocrx_word' id='word_1_370' title='bbox 1506 2576 1541 2604; x_wconf 79' lang='lat' dir='ltr'>et</span> <span class='ocrx_word' id='word_1_371' title='bbox 1558 2570 1627 2606; x_wconf 74' lang='lat' dir='ltr'>iam</span> <span class='ocrx_word' id='word_1_372' title='bbox 1643 2580 1738 2604; x_wconf 91' lang='lat' dir='ltr'>mon.</span> <span class='ocrx_word' id='word_1_373' title='bbox 1755 2570 1784 2604; x_wconf 79' lang='grc' dir='ltr'><em>Ε</em></span> 
     </span>
     <span class='ocr_line' id='line_1_37' title="bbox 203 2627 1786 2676; baseline 0.001 -13"><span class='ocrx_word' id='word_1_374' title='bbox 203 2629 226 2664; x_wconf 91' lang='grc'><strong>3</strong></span> <span class='ocrx_word' id='word_1_375' title='bbox 244 2631 428 2665; x_wconf 69' lang='lat' dir='ltr'>exortante</span> <span class='ocrx_word' id='word_1_376' title='bbox 442 2628 543 2665; x_wconf 85' lang='lat' dir='ltr'>RBE</span> <span class='ocrx_word' id='word_1_377' title='bbox 650 2631 781 2666; x_wconf 72' lang='lat' dir='ltr'>4orate</span> <span class='ocrx_word' id='word_1_378' title='bbox 797 2629 831 2676; x_wconf 82' lang='lat' dir='ltr'>(e</span> <span class='ocrx_word' id='word_1_379' title='bbox 846 2629 887 2665; x_wconf 79' lang='lat' dir='ltr'>in</span> <span class='ocrx_word' id='word_1_380' title='bbox 904 2630 988 2674; x_wconf 76' lang='lat' dir='ltr'>ras.)</span> <span class='ocrx_word' id='word_1_381' title='bbox 1000 2629 1033 2664; x_wconf 88' lang='lat' dir='ltr'><strong><em>V</em></strong></span> <span class='ocrx_word' id='word_1_382' title='bbox 1175 2629 1424 2666; x_wconf 81' lang='lat' dir='ltr'>temtationem</span> <span class='ocrx_word' id='word_1_383' title='bbox 1439 2630 1470 2664; x_wconf 91' lang='lat' dir='ltr'><em>P</em></span> <span class='ocrx_word' id='word_1_384' title='bbox 1589 2631 1608 2665; x_wconf 90' lang='grc'>7</span> <span class='ocrx_word' id='word_1_385' title='bbox 1627 2627 1742 2675; x_wconf 78' lang='lat' dir='ltr'>noluit</span> <span class='ocrx_word' id='word_1_386' title='bbox 1755 2630 1786 2664; x_wconf 72' lang='lat' dir='ltr'>It</span> 
     </span>
     <span class='ocr_line' id='line_1_38' title="bbox 202 2687 1781 2736; baseline 0.001 -14"><span class='ocrx_word' id='word_1_387' title='bbox 202 2688 224 2723; x_wconf 91' lang='lat'>8</span> <span class='ocrx_word' id='word_1_388' title='bbox 244 2687 322 2734; x_wconf 75' lang='lat' dir='ltr'>ipsu</span> <span class='ocrx_word' id='word_1_389' title='bbox 342 2687 433 2724; x_wconf 81' lang='lat' dir='ltr'>Vm2</span> <span class='ocrx_word' id='word_1_390' title='bbox 523 2690 561 2725; x_wconf 90' lang='lat'>11</span> <span class='ocrx_word' id='word_1_391' title='bbox 586 2693 628 2725; x_wconf 80' lang='lat' dir='ltr'>ut</span> <span class='ocrx_word' id='word_1_392' title='bbox 648 2700 722 2725; x_wconf 88' lang='lat' dir='ltr'>non</span> <span class='ocrx_word' id='word_1_393' title='bbox 742 2699 926 2736; x_wconf 81' lang='lat' dir='ltr'>pecoomus</span> <span class='ocrx_word' id='word_1_394' title='bbox 944 2688 1182 2726; x_wconf 72' lang='lat' dir='ltr'>s.1.VmeEm2</span> <span class='ocrx_word' id='word_1_395' title='bbox 1267 2690 1307 2726; x_wconf 79' lang='lat'>14</span> <span class='ocrx_word' id='word_1_396' title='bbox 1324 2700 1359 2725; x_wconf 86' lang='lat' dir='ltr'>re</span> <span class='ocrx_word' id='word_1_397' title='bbox 1374 2689 1528 2725; x_wconf 86' lang='lat' dir='ltr'>om.le</span> <span class='ocrx_word' id='word_1_398' title='bbox 1622 2690 1781 2725; x_wconf 89' lang='lat' dir='ltr'>18h0mo</span> 
     </span>
     <span class='ocr_line' id='line_1_39' title="bbox 199 2746 1784 2796; baseline 0.001 -14"><span class='ocrx_word' id='word_1_399' title='bbox 199 2747 251 2783; x_wconf 57' lang='lat' dir='ltr'>ita</span> <span class='ocrx_word' id='word_1_400' title='bbox 261 2747 303 2783; x_wconf 76' lang='lat' dir='ltr'>M</span> <span class='ocrx_word' id='word_1_401' title='bbox 369 2749 408 2785; x_wconf 87' lang='lat'>21</span> <span class='ocrx_word' id='word_1_402' title='bbox 424 2746 554 2795; x_wconf 79' lang='lat' dir='ltr'>noluit]</span> <span class='ocrx_word' id='word_1_403' title='bbox 568 2749 723 2785; x_wconf 81' lang='lat' dir='ltr'>noluerit</span> <span class='ocrx_word' id='word_1_404' title='bbox 732 2749 752 2784; x_wconf 81' lang='lat' dir='ltr'><strong><em>b</em></strong></span> <span class='ocrx_word' id='word_1_405' title='bbox 810 2748 947 2796; x_wconf 79' lang='lat' dir='ltr'>aliquid</span> <span class='ocrx_word' id='word_1_406' title='bbox 961 2759 1005 2785; x_wconf 76' lang='lat' dir='ltr'>ex</span> <span class='ocrx_word' id='word_1_407' title='bbox 1013 2748 1116 2796; x_wconf 69' lang='lat' dir='ltr'>nquit</span> <span class='ocrx_word' id='word_1_408' title='bbox 1129 2749 1216 2784; x_wconf 83' lang='lat' dir='ltr'>le</span> <span class='ocrx_word' id='word_1_409' title='bbox 1282 2750 1324 2785; x_wconf 80' lang='lat'>26</span> <span class='ocrx_word' id='word_1_410' title='bbox 1339 2753 1460 2796; x_wconf 80' lang='lat' dir='ltr'>posset</span> <span class='ocrx_word' id='word_1_411' title='bbox 1470 2749 1502 2784; x_wconf 85' lang='lat' dir='ltr'><em>E</em></span> <span class='ocrx_word' id='word_1_412' title='bbox 1562 2749 1605 2784; x_wconf 85' lang='lat'>28</span> <span class='ocrx_word' id='word_1_413' title='bbox 1619 2749 1784 2786; x_wconf 75' lang='lat' dir='ltr'>uideatur</span> 
     </span>
     <span class='ocr_line' id='line_1_40' title="bbox 203 2806 1782 2855; baseline 0.001 -13"><span class='ocrx_word' id='word_1_414' title='bbox 203 2806 240 2853; x_wconf 76' lang='lat' dir='ltr'>(a</span> <span class='ocrx_word' id='word_1_415' title='bbox 251 2817 293 2843; x_wconf 69' lang='lat' dir='ltr'>ex</span> <span class='ocrx_word' id='word_1_416' title='bbox 304 2807 343 2853; x_wconf 90' lang='lat' dir='ltr'>n)</span> <span class='ocrx_word' id='word_1_417' title='bbox 355 2808 385 2842; x_wconf 76' lang='lat' dir='ltr'><em>V</em></span> <span class='ocrx_word' id='word_1_418' title='bbox 446 2807 491 2843; x_wconf 90' lang='grc'>30</span> <span class='ocrx_word' id='word_1_419' title='bbox 499 2811 622 2844; x_wconf 64' lang='lat' dir='ltr'>tamen</span> <span class='ocrx_word' id='word_1_420' title='bbox 633 2807 788 2855; x_wconf 72' lang='lat' dir='ltr'>utinam]</span> <span class='ocrx_word' id='word_1_421' title='bbox 799 2811 841 2845; x_wconf 80' lang='lat' dir='ltr'>ut</span> <span class='ocrx_word' id='word_1_422' title='bbox 849 2809 1004 2855; x_wconf 73' lang='lat' dir='ltr'>(utinam</span> <span class='ocrx_word' id='word_1_423' title='bbox 1013 2810 1051 2855; x_wconf 86' lang='lat' dir='ltr'>d)</span> <span class='ocrx_word' id='word_1_424' title='bbox 1061 2811 1184 2844; x_wconf 80' lang='lat' dir='ltr'>tamen</span> <span class='ocrx_word' id='word_1_425' title='bbox 1196 2809 1238 2844; x_wconf 81' lang='lat' dir='ltr'>bd</span> <span class='ocrx_word' id='word_1_426' title='bbox 1282 2810 1326 2844; x_wconf 88' lang='lat'>32</span> <span class='ocrx_word' id='word_1_427' title='bbox 1335 2820 1352 2844; x_wconf 77' lang='lat' dir='ltr'>a</span> <span class='ocrx_word' id='word_1_428' title='bbox 1360 2808 1532 2854; x_wconf 63' lang='lat' dir='ltr'>dtendum</span> <span class='ocrx_word' id='word_1_429' title='bbox 1544 2809 1582 2854; x_wconf 88' lang='lat' dir='ltr'>(d</span> <span class='ocrx_word' id='word_1_430' title='bbox 1594 2819 1620 2844; x_wconf 80' lang='lat' dir='ltr'>s.</span> <span class='ocrx_word' id='word_1_431' title='bbox 1635 2811 1652 2854; x_wconf 66' lang='lat' dir='ltr'>t</span> <span class='ocrx_word' id='word_1_432' title='bbox 1665 2808 1737 2854; x_wconf 88' lang='lat' dir='ltr'>ml)</span> <span class='ocrx_word' id='word_1_433' title='bbox 1751 2809 1782 2843; x_wconf 81' lang='lat' dir='ltr'><em>R</em></span> 
     </span>
    </p>
   </div>
  </div>
 </body>
</html>
