2028 3204
738 186 827 223 iiber
853 186 868 221 1
902 186 955 227 18,
987 187 1134 227 31-19‚
1163 187 1206 221 34
1683 174 1764 217 333

187 313 252 356 dei
295 313 446 356 habere
488 312 771 355 substantiam
813 317 855 354 et
897 311 1027 368 ipsius
1057 325 1186 366 genus
1219 324 1307 353 esse
1340 325 1420 353 non
1464 325 1647 362 munere,
1690 311 1765 353 sed

186 384 351 422 natura.
397 391 495 422 nam
535 378 587 420 de
620 391 703 434 quo
744 377 920 433 quisque
953 383 1129 420 naturae
1169 390 1268 420 suae
1311 377 1509 432 originem
1543 377 1672 425 ducit,
1716 377 1766 419 de

196 444 264 487 illo
298 451 474 487 naturae
515 457 614 487 suae
645 457 775 500 genus
807 442 956 486 ducere
990 443 1130 498 negari
1162 443 1297 485 sobrie
1323 442 1436 485 nullo
1461 449 1584 498 paeto
1611 448 1763 498 potest.

187 511 266 553 iste
299 515 441 553 autem
475 510 535 552 ita
565 510 644 552 sibi
677 515 739 552 est
772 508 859 564 ipse
892 509 1138 560 contrarius,
1173 515 1219 551 ut
1243 522 1372 561 genus
1396 508 1462 550 dei
1494 522 1580 550 esse
1606 509 1765 551 animas

142 589 160 618 5
190 576 302 619 dieat
336 589 420 619 non
452 581 616 625 natura,
651 575 722 618 sed
756 588 925 618 munere
948 580 1151 617 ettamen
1177 589 1259 617 non
1283 575 1416 617 factas
1445 588 1495 616 ex
1518 574 1660 624 nihilo,
1695 574 1765 616 sed

186 656 238 685 ex
270 642 338 684 illo
371 642 483 684 dieat
518 641 716 695 originem
749 641 918 692 dueere3
952 654 1001 683 ae
1033 641 1090 683 sie
1123 654 1204 691 eaS,
1240 641 1353 696 quod
1386 641 1498 696 prins
1526 645 1765 695 negauerat,

186 708 240 750 ad
272 708 338 750 dei
370 713 567 750 naturam
598 720 792 750 reuocare
824 720 906 749 non
939 706 1121 749 dubitat.

270 773 334 816 33.
369 773 615 816 Animarum
642 778 783 815 autem
816 786 1021 815 nouarum
1053 773 1140 814 sine
1172 773 1400 828 propagine
1434 771 1765 814 insufflationem

187 839 354 882 defendi
388 838 555 895 quidem
597 839 768 882 minime
808 838 1090 895 prohibemus,
1134 838 1205 880 sed
1247 838 1300 880 ab
1343 839 1399 880 eis
1442 838 1513 893 qui
1555 837 1767 893 potuerint

121 917 160 946 ιο
189 904 345 961 aliquid
381 905 564 948 inuenire
597 904 663 947 uel
694 905 737 947 in
771 905 979 947 canonicis
1012 904 1138 955 libris,
1175 905 1287 959 quod
1321 917 1402 946 non
1436 904 1490 946 sit
1523 904 1767 958 ambiguum

187 971 475 1014 dissoluendae
493 971 590 1013 huie
610 970 935 1026 obligatissimae
954 971 1201 1026 quaestioni,
1230 970 1295 1012 uel
1312 971 1354 1012 in
1376 969 1766 1012 ratiocinationibus

186 1036 283 1084 suis,
314 1036 429 1092 ‘quod
462 1049 544 1078 non
578 1036 633 1079 sit
668 1036 923 1079 eontrarium
951 1036 1182 1079 catholicae
1226 1036 1409 1089 ueritati,
1443 1050 1527 1079 non
1561 1050 1586 1078 a
1614 1035 1768 1078 talibus

186 1102 320 1158 qualis
354 1103 430 1145 iste
474 1102 684 1158 apparuit,
728 1102 798 1158 qui
841 1116 923 1144 non
964 1102 1216 1145 inueniendo
1258 1102 1359 1157 quid
1400 1102 1554 1144 diceret
1596 1108 1637 1143 et
1670 1101 1768 1143 deli-

189 1168 447 1210 berationem
497 1182 617 1210 suam
667 1168 846 1211 nolendo
897 1168 1147 1224 suspendere
1198 1168 1305 1210 uires
1355 1182 1450 1210 suas
1483 1168 1653 1210 omnino
1686 1181 1768 1209 non

120 1245 157 1275 15
187 1234 375 1285 metiens,
407 1248 457 1276 ne
478 1239 648 1285 taceret,
676 1248 800 1277 ausus
834 1239 896 1276 est
929 1235 1064 1277 dicere
1099 1233 1320 1290 ‘inquinari
1354 1234 1539 1276 animam
1573 1233 1768 1275 meruisse

187 1313 259 1355 per
285 1314 450 1342 earnem
476 1307 518 1342 et
551 1313 637 1341 esse
670 1301 867 1342 meruisse
900 1300 1084 1342 animam
1118 1300 1419 1356 peecatrieem‘,
1454 1300 1570 1342 euius
1607 1298 1767 1341 nullum

187 1367 396 1416 meritum,
440 1380 510 1408 seu
546 1366 702 1408 bonum
735 1380 806 1408 seu
839 1367 1010 1416 malum,
1055 1373 1152 1408 ante
1194 1380 1361 1408 earnem
1395 1366 1534 1421 potuit
1567 1365 1767 1413 inuenire,

188 1439 230 1473 et
274 1431 471 1486 ‘paruulis
513 1432 600 1473 sine
645 1431 855 1487 baptismo
896 1433 948 1474 de
990 1445 1158 1487 eorpore
1210 1431 1460 1474 exeuntibus
1503 1430 1607 1473 solui
1650 1444 1768 1485 posse

188 1497 385 1551 originale
427 1504 647 1552 peceatum
689 1505 731 1540 et
774 1498 1035 1540 offerendum
1076 1511 1151 1553 pro
1193 1498 1249 1540 eis
1291 1497 1543 1540 sacrificium
1585 1497 1768 1551 eorporis

118 1575 160 1605 20
189 1563 369 1614 Chrisffi‘,
404 1563 474 1619 qui
496 1563 659 1605 Christo
687 1577 771 1606 non
803 1569 901 1606 sunt
934 1564 1187 1619 incorporati
1220 1577 1293 1619 per
1316 1563 1401 1606 eius
1429 1569 1694 1605 sacramenta
1727 1563 1769 1604 in

194 1629 281 1670 eius
331 1629 515 1680 ecelesia,
561 1631 726 1684 ‘eosque
758 1629 846 1672 sine
887 1629 1054 1672 lauacro
1102 1629 1424 1685 regenerationis
1468 1629 1517 1671 de
1560 1629 1637 1671 hae
1680 1629 1770 1671 uita

195 1694 419 1749 migrantes
453 1708 533 1737 non
562 1695 617 1736 ad
649 1695 834 1750 requiem
863 1700 1032 1738 tantum
1066 1695 1136 1745 ire,
1173 1696 1244 1738 sed
1285 1696 1338 1738 ad
1360 1709 1533 1750 regnum
1560 1694 1769 1737 caelorum

191 1773 310 1815 posse
332 1761 461 1803 etiam
486 1761 714 1815 peruenire*
748 1767 791 1803 et
824 1762 904 1804 alia
931 1762 1111 1804 multum
1145 1762 1338 1806 absurda.
1375 1774 1482 1816 quae
1516 1761 1657 1802 onmia
1688 1760 1770 1803 col-

186 1826 308 1880 ligere
339 1831 466 1881 atque
500 1827 540 1869 in
575 1826 655 1869 isto
687 1826 792 1869 libro
825 1827 1007 1883 digerere
1040 1828 1208 1883 longum
1243 1828 1378 1870 uisum
1412 1834 1486 1869 est.
1516 1826 1626 1869 absit
1659 1839 1768 1880 ergo,

121 1904 162 1933 25
192 1898 239 1933 ut
278 1892 512 1934 animarum
545 1906 742 1948 propago,
782 1893 816 1935 si
859 1893 963 1935 falsa
996 1899 1071 1943 (st,
1116 1907 1140 1935 a
1173 1893 1328 1936 talibus
1362 1892 1576 1935 refellatur
1610 1898 1650 1934 et
1683 1892 1770 1934 ani-

195 1971 358 2000 marum
395 1971 599 2001 nouarum
641 1958 888 2010 insufflatio,
923 1959 956 2000 si
990 1973 1088 2001 nera
1120 1965 1197 2011 est,
1240 1972 1265 2000 a
1314 1958 1470 2000 talibus
1504 1957 1766 2000 defendatur.

272 2022 336 2065 34.
377 2023 657 2073 Quamobrem
692 2025 944 2080 quicumque
977 2025 1125 2066 uolunt
1159 2024 1392 2075 defendere,
1427 2023 1541 2079 quod
1573 2022 1770 2065 dicuntur

190 2088 529 2131 animae-nouae
562 2089 829 2132 nascentibus
872 2090 1091 2140 insufflari,
1134 2103 1217 2132 non
1258 2090 1308 2132 de
1356 2089 1601 2146 parentibus
1644 2088 1767 2140 trahi,

191 2153 350 2210 aliquid
383 2153 549 2198 illorum
569 2160 785 2210 quattuor,
811 2167 915 2210 quae
943 2169 1070 2212 supra
1092 2155 1430 2206 commemoraui,
1455 2160 1634 2198 caueant
1658 2154 1771 2197 omni

286 2292 418 2327 15—-23
444 2291 540 2327 Vino.
566 2291 686 2327 Victor

288 2388 309 2422 2
327 2386 369 2422 de
387 2397 427 2422 eo
444 2398 512 2433 quo
529 2387 578 2422 Eb
669 2387 967 2433 originem—suae
987 2389 1021 2423 in
1036 2401 1100 2434 my.
1113 2388 1168 2424 m2
1184 2389 1216 2423 D
1307 2391 1325 2424 4
1344 2389 1410 2435 ipsi
1423 2389 1441 2423 b
1555 2390 1575 2423 ἴ)
1593 2391 1720 2423 natura
1737 2388 1768 2421 E

193 2453 231 2491 (na
244 2446 308 2490 lin.
325 2448 413 2491 eze)
518 2448 810 2483 natura—factas
824 2447 927 2484 om.D
1014 2448 1035 2483 6
1049 2448 1076 2483 si
1090 2449 1201 2484 ΛΕΜ
1302 2451 1320 2484 7
1337 2447 1520 2485 dubitetC
1539 2447 1709 2483 dubitant
1728 2448 1766 2481 J!

195 2506 217 2541 9
230 2505 388 2542 defendit
400 2508 433 2541 A
518 2507 627 2542 habG
721 2509 760 2544 11
777 2507 942 2555 obligatis
960 2519 1038 2543 mae
1049 2509 1078 2543 C
1157 2507 1355 2544 rationibus
1365 2509 1394 2544 G
1487 2510 1528 2544 12
1548 2507 1710 2551 ueritatis
1727 2507 1765 2541 M

195 2565 377 2602 natalibus
390 2566 419 2601 G
524 2568 564 2602 15
582 2566 755 2603 mentiens
770 2566 802 2602 B
903 2571 1041 2603 notaret
1057 2570 1088 2603 A
1193 2567 1271 2603 dieo
1283 2569 1324 2603 M
1438 2569 1481 2604 16
1497 2572 1533 2603 <t
1550 2579 1612 2614 per
1626 2577 1766 2602 carnem

194 2625 363 2662 meruisse
374 2637 450 2662 esse
461 2626 479 2661 b
555 2626 674 2663 nullus
688 2625 720 2662 B
796 2629 838 2663 17
853 2617 938 2663 ante
952 2627 995 2663 M
1073 2629 1114 2664 18
1130 2628 1174 2663 de
1191 2639 1336 2675 corpore
1354 2627 1404 2662 bis
1417 2639 1495 2672 pon,
1511 2627 1540 2662 C
1618 2628 1660 2662 19
1675 2627 1768 2661 offo*

196 2685 346 2721 rendum
356 2686 399 2722 Μ
474 2685 688 2722 sacrificium
704 2697 767 2733 pro
781 2686 831 2723 eis
847 2686 879 2722 B
969 2689 1008 2724 21
1025 2687 1101 2723 uit*
1115 2689 1152 2733 (a
1168 2699 1194 2723 s.
1210 2688 1248 2734 ο)
1259 2688 1291 2723 D
1311 2687 1422 2733 uiteG
1500 2687 1542 2722 22
1555 2686 1768 2733 emigrantes

197 2743 403 2792 ABGEFM
477 2746 521 2782 23
535 2745 684 2782 multati
760 2748 802 2783 27
819 2746 931 2783 uoluit
943 2748 972 2783 G
1040 2747 1168 2784 dicunt
1179 2750 1210 2783 A
1282 2748 1325 2784 28
1338 2746 1454 2783 trachi
1464 2749 1495 2782 A
1562 2746 1606 2782 29
1618 2746 1726 2782 subm
1739 2746 1770 2781 E

197 2804 472 2841 commemoraui
488 2805 526 2841 in
538 2817 605 2853 ηις.
619 2806 652 2842 Ε
