1976 3210
231 241 287 283 56
624 249 650 284 Ι.
677 249 729 284 De
753 251 977 295 peccatorum
1001 248 1135 284 meritis
1158 252 1195 284 et
1217 248 1419 284 remissione

342 375 508 417 XXIX.
539 375 603 417 57.
637 375 800 416 Bonum
828 387 924 429 ergo
952 374 1130 429 coniugii
1157 387 1241 416 non
1265 378 1328 416 est
1353 374 1490 416 feruor
1519 374 1811 430 concupiscen-

231 440 327 490 tiae,
354 441 425 483 sed
451 440 622 496 quidam
642 440 779 482 licitus
803 444 848 482 et
871 440 1069 482 honestus
1094 439 1162 481 illo
1187 439 1348 482 feruore
1374 439 1520 482 utendi
1544 439 1693 481 modus
1718 453 1812 495 pro-

231 506 448 561 pagandae
463 505 580 561 proli,
599 506 684 548 non
695 505 923 561 explendae
944 504 1106 547 libidini
1123 504 1474 547 accommodatus.
1495 504 1693 547 uoluntas
1715 504 1810 555 ista,

231 585 314 614 non
338 571 534 626 uoluptas
562 571 632 612 illa
660 570 859 626 nuptialis
886 575 961 613 est.
1003 571 1115 626 quod
1155 570 1280 626 igitur
1320 569 1363 612 in
1392 569 1588 612 membris
1627 569 1808 625 corporis

231 637 376 679 mortis
407 637 528 679 huius
559 636 872 679 inoboedienter
902 640 1096 678 mouetur
1126 640 1350 690 totumque
1376 635 1563 678 animum
1592 635 1636 678 in
1663 649 1706 677 se
1735 635 1805 677 de·
1839 647 1856 675 5

231 702 383 744 iectum
407 707 582 745 conatur
605 702 824 744 adtrahere
848 706 890 743 et
914 715 1046 756 neque
1070 715 1163 743 cum
1187 714 1302 743 mens
1326 700 1505 743 uoluerit
1528 700 1713 754 exsurgit
1737 713 1806 743 ne-

233 781 312 823 que
327 781 420 809 cum
432 781 546 809 mens
572 767 750 809 uoluerit
770 767 1038 822 conquiescit,
1064 767 1140 809 hoc
1165 772 1227 808 est
1252 765 1409 808 malum
1433 765 1607 821 peccati,
1621 778 1715 808 cum
1729 779 1810 821 quo

233 833 418 875 nascitur
442 833 573 875 omnis
599 833 734 875 homo.
777 846 871 875 cum
895 837 1036 874 autem
1060 832 1112 874 ab
1137 831 1305 874 inlicitis
1329 831 1664 887 corruptionibus
1687 831 1810 872 refre-

232 903 359 941 natur
384 904 425 940 et
451 899 503 940 ad
529 898 619 940 sola
633 898 791 954 generis
817 898 987 940 humani
1015 897 1306 953 supplementa
1331 896 1519 939 ordinate
1543 896 1813 952 propaganda

234 964 509 1020 permittitur,
542 964 618 1006 hoc
649 968 711 1006 est
743 963 898 1006 bonum
929 963 1118 1018 coniugii,
1149 976 1221 1018 per
1252 962 1362 1017 quod
1393 962 1585 1004 ordinata
1613 962 1812 1004 societate
1843 973 1882 1001 ιο

238 1030 424 1071 nascitur
452 1030 589 1072 homo.
635 1030 705 1071 sed
733 1042 855 1071 nemo
882 1029 1111 1070 renascitur
1139 1028 1181 1070 in
1205 1027 1357 1070 Christi
1385 1041 1566 1083 corpore,
1595 1027 1673 1069 nisi
1700 1026 1812 1082 prius

238 1100 437 1137 nascatur
455 1095 498 1137 in
515 1095 677 1150 peccati
702 1108 883 1150 corpore.
911 1094 1019 1136 sicut
1044 1098 1185 1136 autem
1204 1093 1314 1135 bono
1334 1092 1442 1135 male
1467 1093 1530 1135 uti
1554 1092 1711 1134 malum
1736 1097 1811 1139 est,

238 1160 295 1202 sic
322 1160 433 1202 malo
462 1160 566 1202 bene
594 1160 658 1202 uti
684 1160 840 1202 bonum
862 1164 936 1202 est.
981 1160 1064 1202 duo
1092 1159 1217 1214 igitur
1242 1159 1355 1210 haec,
1385 1158 1540 1200 bonum
1569 1162 1611 1200 et
1637 1157 1806 1205 malum,

240 1231 282 1268 et
311 1226 392 1267 alia
418 1226 515 1277 duo,
542 1239 642 1268 usus
668 1225 802 1267 bonus
828 1230 870 1267 et
895 1222 992 1267 usus
1016 1225 1162 1275 malus,
1192 1224 1358 1266 sibimet
1385 1223 1584 1265 adiuncta
1610 1227 1810 1278 quattuor

240 1291 503 1333 differentias
535 1291 708 1333 faciunt.
741 1290 845 1333 bene
875 1290 1010 1332 utitur
1041 1290 1150 1332 bono
1176 1289 1477 1331 continentiam
1501 1288 1696 1330 dedicans
1722 1288 1812 1337 deo,
1846 1299 1882 1327 ιτ»

243 1357 351 1398 male
385 1357 520 1398 utitur
552 1356 662 1398 bono
687 1356 989 1398 continentiam
1014 1355 1208 1397 dedicans
1241 1354 1371 1405 idolo;
1402 1354 1510 1396 male
1542 1354 1676 1396 utitur
1705 1353 1815 1395 malo

241 1422 619 1477 concupiscentiam
643 1421 832 1464 relaxans
858 1421 1074 1471 adulterio,
1096 1420 1200 1463 bene
1223 1420 1357 1462 utitur
1386 1419 1496 1461 malo
1527 1418 1814 1474 concupiscen-

237 1487 341 1529 tiam
362 1487 612 1542 restringens
634 1487 822 1529 conubio.
859 1487 966 1529 sicut
987 1500 1080 1541 ergo
1100 1485 1244 1528 melius
1266 1490 1328 1527 est
1348 1485 1452 1527 bene
1472 1484 1534 1526 uti
1555 1484 1664 1526 bono
1685 1497 1811 1538 quam

237 1552 342 1595 bene
362 1552 425 1594 uti
444 1553 567 1604 malo,
589 1566 682 1594 cum
702 1552 756 1594 sit
775 1556 999 1606 utrumque
1018 1551 1186 1601 bonum,
1208 1551 1270 1592 ita
1289 1550 1359 1605 qui
1378 1550 1453 1592 dat
1473 1549 1673 1604 uirginem
1693 1562 1811 1590 suam

236 1618 339 1660 bene
366 1618 468 1660 facit
493 1623 535 1660 et
560 1618 630 1673 qui
654 1631 737 1660 non
760 1618 834 1659 dat
858 1622 1038 1672 nuptum
1061 1616 1206 1659 melius
1230 1616 1343 1657 facit.
1385 1615 1435 1657 de
1461 1628 1543 1670 qua
1568 1614 1810 1669 quaestione
1838 1626 1881 1655 20

236 1684 370 1725 multo
395 1683 561 1725 uberius
586 1688 627 1725 et
652 1683 784 1725 multo
809 1683 1082 1725 sufficientius
1108 1682 1149 1724 in
1173 1681 1334 1723 duobus
1359 1680 1485 1731 libris,
1512 1692 1594 1722 uno
1614 1679 1676 1721 De
1702 1679 1809 1722 bono

238 1749 454 1804 coniugali,
490 1749 618 1791 altero
652 1749 713 1791 De
745 1753 891 1791 sancta
931 1748 1182 1803 uirginitate,
1218 1751 1423 1802 quantum
1454 1745 1646 1788 dominus
1678 1745 1807 1794 dedit,

239 1828 312 1869 pro
333 1828 518 1856 mearum
540 1814 689 1856 uirium
720 1814 946 1868 exiguitate
975 1813 1158 1855 disserui.
1195 1826 1279 1854 non
1311 1812 1453 1866 itaque
1473 1824 1545 1866 per
1565 1810 1807 1865 nuptiarum

234 1880 389 1921 bonum
411 1880 637 1921 defendant
659 1879 1014 1934 concupiscentiae
1036 1878 1204 1927 malum,
1226 1877 1296 1932 qui
1317 1890 1482 1918 carnem
1503 1881 1544 1917 et
1566 1875 1807 1930 sanguinem

232 1945 573 2000 praeuaricatoris
615 1945 810 1987 aduersus
851 1951 1016 1986 carnem
1056 1948 1097 1986 et
1136 1943 1379 1998 sanguinem
1417 1940 1689 1996 redemptoris
1731 1954 1799 1982 ex·
1827 1951 1867 1981 25

327 2088 368 2122 19
383 2087 424 2122 cf.
444 2088 459 2121 Ι
475 2088 550 2122 Cor.
567 2089 598 2128 7;
613 2087 656 2121 38

328 2202 343 2234 1
359 2193 383 2233 ἦ
395 2200 470 2234 add.
485 2211 527 2234 m.
543 2211 603 2234 rec.
621 2200 653 2234 Α
701 2200 721 2233 2
732 2199 872 2244 quidem
888 2199 918 2233 P
977 2199 1129 2232 feruore*
1142 2197 1170 2232 G
1217 2196 1355 2231 utendis
1368 2196 1409 2230 M
1455 2197 1476 2231 3
1488 2195 1581 2242 prole
1595 2194 1690 2235 Sm1‚
1702 2205 1764 2229 om.
1778 2194 1810 2228 A

234 2259 462 2294 acomodatus
493 2259 527 2293 K
772 2258 1035 2293 uoluntas-est
1067 2269 1129 2292 om.
1163 2268 1192 2297 2,
1223 2257 1324 2292 uncis
1353 2256 1564 2290 incluserunt
1595 2253 1812 2289 Benedicfini

237 2320 258 2354 4
280 2329 349 2353 non
373 2318 547 2363 uoluptas,
573 2318 632 2353 illa
654 2329 686 2353 n.
710 2321 763 2352 est
784 2318 802 2352 b
917 2317 1098 2352 uoluntate
1121 2317 1153 2351 A
1175 2317 1338 2352 uoluntas
1360 2315 1403 2349 M
1518 2313 1603 2359 quid
1620 2314 1658 2358 (ο
1679 2324 1705 2348 s.
1729 2312 1755 2357 i)
1780 2313 1812 2347 P

238 2377 390 2412 menbris
402 2378 428 2412 S
519 2379 540 2412 5
553 2377 676 2412 mortis
688 2388 750 2412 om.
765 2377 808 2411 M
899 2380 1110 2421 tantumque
1123 2376 1155 2410 Α
1245 2375 1266 2409 6
1279 2373 1416 2420 exurgit
1431 2373 1516 2408 VAb
1600 2374 1619 2408 7
1631 2370 1781 2406 noluerit
1792 2371 1810 2406 b

236 2437 431 2482 adquiescit
451 2437 573 2471 Gle
696 2436 790 2481 cum]
812 2435 848 2472 in
867 2436 927 2471 zbd
1056 2436 1077 2470 9
1109 2434 1168 2480 ad]
1202 2446 1224 2470 a
1257 2434 1300 2468 M
1439 2432 1675 2478 supplimenta
1694 2430 1807 2466 LmlG

235 2497 455 2542 suplementa
476 2497 502 2531 S
623 2495 763 2531 ordinat
783 2496 826 2530 M
948 2496 990 2530 10
1010 2487 1190 2540 §mittitur
1215 2493 1246 2527 V
1267 2491 1462 2528 dimittitur
1483 2491 1511 2526 C
1641 2501 1744 2536 quem
1766 2489 1808 2524 M

238 2557 279 2591 12
297 2556 325 2590 si
344 2559 427 2591 aute
445 2556 499 2600 (in
518 2567 582 2601 my.
602 2555 656 2590 m2
672 2555 684 2590 l
703 2555 844 2600 sicut)V
934 2553 988 2589 uti
1005 2554 1095 2589 male
1113 2553 1154 2588 bd
1246 2553 1287 2588 13
1305 2552 1394 2587 male
1415 2551 1446 2586 V
1537 2551 1623 2586 beno
1641 2561 1704 2585 om.
1722 2549 1806 2584 le

238 2617 277 2650 14
296 2619 447 2660 quatuor
461 2615 542 2650 GCd
599 2616 640 2650 16
658 2614 767 2660 malo]
779 2614 868 2649 male
886 2613 950 2648 VT
1004 2615 1044 2648 17
1061 2611 1361 2658 concupiscentiae
1375 2610 1473 2646 SVP
1517 2609 1690 2655 relaxans]
1706 2609 1761 2643 uel
1780 2608 1811 2643 T

236 2674 557 2720 concupiscentias
650 2675 691 2709 18
719 2684 798 2720 ergo
813 2673 962 2709 om.Gm1
1050 2673 1092 2708 19
1105 2671 1165 2718 sit]
1180 2671 1209 2707 si
1223 2671 1396 2706 LSVGmI
1473 2671 1547 2714 posi
1559 2668 1607 2704 sit
1619 2678 1702 2704 eras.
1718 2670 1760 2702 ut
1774 2667 1809 2702 K

235 2734 299 2768 dat
311 2733 407 2778 Vp.c.
500 2736 574 2778 post
584 2744 684 2769 suam
696 2733 814 2768 inserit
824 2736 976 2778 nuptum
987 2732 1010 2766 d
1019 2730 1147 2777 nuptui
1159 2731 1177 2766 b
1267 2731 1311 2766 20
1321 2732 1473 2776 nuptum
1485 2739 1548 2764 om.
1561 2728 1581 2763 b
1670 2727 1709 2762 21
1726 2726 1808 2762 ube·

237 2792 320 2838 rius]
341 2792 456 2828 uerius
475 2793 511 2827 K
602 2794 644 2828 22
664 2792 700 2827 in
719 2793 829 2828 altero
846 2792 937 2828 Ga.c.
1029 2792 1072 2826 24
1092 2788 1373 2836 concupiscentia
1393 2788 1479 2823 le
1571 2787 1615 2823 25
1634 2784 1808 2833 praeuari-

238 2855 374 2887 catores
387 2852 641 2888 LmlSVPGM
1601 2871 1603 2874 ·

1960 1011 1970 1060 *w-

1958 1061 1969 1153 ἑ
