2028 3204
215 243 295 285 476
602 254 641 289 V.
675 254 803 290 Contra
835 254 923 290 duas
954 254 1121 300 epistulas
1153 252 1421 302 Pelagianorum

214 380 420 435 opposuit.
445 380 504 422 ait
526 379 653 422 enim:
678 380 837 423 dicis
861 380 1076 436 itaque
1098 381 1262 424 mihi:
1287 381 1649 437 quidadhuc
1671 395 1796 426 con-

215 445 533 500 queritur?
563 458 689 488 nam
727 446 1056 488 uoluntati
1093 446 1223 489 eius
1253 446 1388 502 quis
1416 447 1703 491 resistit?
1733 461 1792 491 re-

214 511 462 566 sponditque
491 511 571 553 ista
597 511 766 554 dicenti:
798 525 821 553 o
849 513 1030 563 hom0‚
1060 516 1123 554 tu
1151 512 1286 567 quis
1315 526 1384 563 es,
1413 513 1514 568 qui
1542 526 1797 569 respon-

219 576 358 618 deas
406 576 533 619 deo?
603 577 895 632 numquid
954 577 1114 620 dicit
1170 577 1536 632 figmentum
1595 578 1647 620 ei
1695 579 1796 634 qui

218 655 274 684 se
314 641 530 684 finxit:
579 655 762 697 quare
801 642 887 685 sic
924 656 1004 685 me
1050 642 1317 686 fecisti?
1345 657 1413 686 an
1455 657 1567 686 non
1611 644 1798 687 habet
1824 656 1842 685 5

212 712 602 762 potestatem
659 708 899 763 figulus
957 708 1081 751 luti
1138 722 1204 751 ex
1252 710 1455 752 eadem
1511 721 1796 765 conspar-

214 772 386 814 sione
444 773 659 815 facere
715 771 890 815 aliud
947 772 1192 826 quidem
1247 785 1354 816 uas
1399 772 1797 817 inhonorem

205 838 343 880 aliu
365 836 391 877 d
441 839 498 881 in
551 838 1032 882 contumeliam?
1080 839 1226 882 deinde
1262 844 1425 883 secutus
1463 845 1552 882 tarn
1595 853 1794 896 magnum

212 904 487 959 abditumque
548 910 764 955 secretum,
817 910 1022 960 quantum
1083 905 1351 960 aperiendum
1415 918 1500 948 esse
1558 906 1793 948 hominibus

213 969 427 1021 iudicauit,
506 970 667 1025 aperuit
741 971 895 1013 dicens:
973 971 1020 1013 si
1085 983 1110 1012 a
1128 976 1226 1013 ute
1244 985 1285 1013 m
1370 985 1395 1013 u
1414 984 1437 1013 o
1455 971 1506 1013 le
1523 984 1550 1013 n
1567 985 1585 1013 s
1649 972 1676 1014 d
1693 985 1714 1013 e
1732 985 1758 1014 u
1775 985 1793 1014 s
1823 981 1864 1011 ιο

216 1036 550 1078 ostendere
601 1036 749 1078 iram
817 1042 868 1078 et
930 1037 1360 1078 demonstrare
1436 1036 1791 1091 potentiam

212 1114 375 1143 suam
407 1101 650 1143 adtulit
674 1101 1457 1158 inmultapatientiauasa
1480 1102 1620 1154 irae,
1644 1115 1794 1158 quae

211 1165 497 1217 perfecta
563 1172 705 1208 sunt
764 1165 817 1208 in
880 1165 1316 1219 perditionem,
1385 1169 1439 1208 et
1491 1172 1553 1209 ut
1613 1172 1791 1210 notas

209 1228 454 1274 faceret
501 1231 774 1274 diuitias
816 1232 1058 1287 gloriae
1103 1243 1244 1275 suae
1285 1233 1341 1274 in
1381 1245 1528 1275 uasa
1566 1231 1796 1275 miseri-

209 1310 272 1338 co
294 1297 480 1348 rdiae,
551 1308 703 1349 quae
775 1298 1188 1353 praeparauit
1248 1298 1306 1340 in
1369 1297 1643 1350 gloriam.
1715 1298 1793 1341 hoc
1823 1309 1860 1339 ιε

211 1368 273 1405 est
305 1363 462 1418 gratiae
495 1363 557 1405 dei
591 1377 671 1405 non
705 1363 839 1406 solum
862 1363 1129 1415 adiutorium,
1164 1376 1307 1406 uerum
1332 1364 1460 1406 etiam
1483 1364 1790 1414 documentum,

210 1428 464 1471 adiutorium
510 1429 664 1471 scilicet
705 1430 747 1471 in
786 1429 894 1471 uasis
933 1429 1247 1480 misericordiae,
1303 1429 1345 1471 in
1385 1429 1493 1472 uasis
1533 1434 1674 1471 autem
1709 1429 1791 1472 irae

211 1494 524 1545 documentum3
592 1495 633 1536 in
702 1495 758 1538 eis
825 1495 935 1537 enim
1003 1495 1185 1537 ostendit
1262 1495 1365 1537 iram
1424 1501 1466 1537 et
1533 1495 1789 1537 demonstrat

210 1560 443 1614 potentiam
488 1574 619 1611 suam,
670 1560 769 1615 quia
815 1565 903 1602 tam
948 1564 1094 1615 potens
1140 1566 1202 1602 est
1246 1560 1408 1603 bonitas
1454 1561 1554 1611 eius,
1596 1565 1644 1602 ut
1687 1560 1789 1602 bene

207 1630 353 1667 utatur
396 1626 522 1668 etiam
559 1625 692 1677 malis,
733 1631 774 1668 et
816 1626 857 1667 in
896 1626 952 1668 eis
995 1631 1116 1669 notas
1155 1626 1256 1668 facit
1289 1626 1459 1668 diuitias
1508 1625 1661 1681 gloriae
1691 1638 1789 1668 suae
1817 1636 1859 1666 20

208 1690 250 1732 in
276 1704 376 1734 uasa
405 1691 719 1742 misericordiae,
752 1691 948 1747 quoniam
985 1692 1096 1746 quod
1125 1692 1178 1734 ab
1211 1691 1293 1733 irae
1323 1691 1432 1734 uasis
1470 1691 1598 1747 exigit
1630 1690 1791 1734 iustitia

210 1757 434 1811 punientis,
498 1758 576 1799 hoc
629 1756 737 1800 uasis
787 1756 1087 1799 misericordiae
1153 1757 1332 1799 dimittit
1379 1756 1513 1812 gratia
1563 1756 1788 1799 liberantis.

208 1836 283 1864 nee
311 1822 572 1874 beneficium,
603 1823 714 1878 quod
743 1823 992 1878 quibusdam
1021 1822 1148 1878 gratis
1176 1822 1387 1873 tribuitur,
1432 1827 1664 1877 appareret,
1710 1821 1787 1864 nisi

209 1891 308 1931 deus
339 1888 427 1930 aliis
454 1902 504 1931 ex
530 1889 675 1931 eadem
700 1902 835 1931 massa
860 1887 1015 1943 pariter
1040 1888 1117 1930 reis
1142 1887 1250 1930 iusto
1277 1887 1476 1942 supplicio
1503 1887 1787 1929 condemnatis

209 1953 310 2009 quid
322 1954 507 2010 utrisque
519 1955 736 1997 deberetur
754 1954 1002 1996 ostenderet.
1025 1954 1141 2009 quis
1175 1967 1195 1995 e
1212 1967 1239 1994 n
1257 1953 1269 1994 i
1287 1967 1329 1995 m
1357 1958 1375 1995 t
1392 1966 1412 1995 e
1441 1953 1465 1995 d
1485 1952 1497 1994 i
1515 1966 1531 1994 s
1549 1966 1570 1994 c
1587 1966 1608 1994 e
1626 1965 1645 1994 r
1661 1966 1688 1993 n
1706 1952 1717 1993 i
1736 1952 1783 1994 t?
1813 1963 1855 1993 25

208 2020 267 2062 ait
288 2019 397 2061 idem
418 2020 629 2075 apostolus
650 2019 806 2062 homini
826 2024 1045 2074 tamquam
1065 2020 1115 2061 de
1137 2023 1266 2061 semet
1288 2018 1376 2073 ipso
1398 2023 1438 2060 et
1459 2019 1508 2060 de
1530 2031 1602 2060 suo
1622 2017 1787 2073 proprio

208 2085 315 2127 bono
326 2085 531 2139 glorianti.
554 2099 581 2141 q
597 2085 690 2127 uis
719 2099 739 2127 e
757 2085 875 2127 nim
902 2089 953 2127 te
975 2084 1031 2126 di
1049 2098 1066 2126 s
1083 2098 1105 2127 c
1121 2098 1142 2126 e
1160 2098 1179 2126 r
1196 2084 1251 2126 ni
1271 2084 1318 2126 t?
1339 2084 1484 2139 utique
1497 2083 1549 2126 ab
1561 2083 1644 2125 irae
1660 2082 1783 2134 uasis,

206 2163 233 2191 a
258 2163 394 2192 massa
419 2150 673 2205 perditionis,
710 2163 814 2205 quae
841 2163 912 2205 per
938 2163 1068 2192 unum
1091 2162 1232 2191 omnes
1259 2148 1370 2191 misit
1396 2149 1438 2190 in
1463 2148 1784 2191 damnationem.

209 2228 235 2270 q
253 2229 278 2257 u
297 2215 343 2257 is
376 2220 395 2257 t
411 2229 432 2257 e
464 2216 489 2257 d
508 2216 519 2257 i
537 2229 554 2257 s
572 2229 593 2257 c
609 2229 629 2257 e
647 2229 667 2256 r
683 2229 710 2256 n
728 2215 740 2257 i
755 2215 803 2257 t?
847 2220 889 2257 et
920 2220 1136 2270 tamquam
1167 2214 1461 2269 respondisset:
1499 2213 1703 2256 ‘discernit
1722 2226 1786 2255 me

207 2280 312 2322 fides
356 2294 460 2330 mea,
503 2281 761 2336 propositum
791 2294 942 2332 meum,
987 2280 1179 2322 meritum
1224 2280 1397 2322 meum‘:
1443 2292 1469 2334 q
1487 2292 1513 2321 u
1531 2278 1542 2319 i
1561 2279 1587 2320 d
1630 2292 1651 2320 e
1669 2291 1695 2319 n
1713 2277 1725 2319 i
1744 2291 1785 2320 m
1813 2289 1854 2318 3⁰

308 2441 322 2474 1
346 2440 446 2475 Rom.
467 2440 499 2482 9,
519 2440 560 2474 19
621 2441 642 2474 3
663 2440 762 2475 Rom.
782 2440 814 2482 9,
833 2441 885 2476 20.
905 2441 945 2476 21
1026 2440 1067 2475 10
1085 2440 1186 2475 Rom.
1205 2439 1237 2481 9,
1256 2440 1309 2475 22.
1328 2439 1371 2474 23
1447 2438 1580 2474 25—30
1600 2438 1617 2474 1
1634 2437 1783 2479 cor.4‚7

310 2559 325 2593 1
346 2558 576 2604 conqueritur
587 2559 616 2595 Ο
737 2560 757 2594 2
773 2557 835 2604 qui
851 2558 880 2594 C
984 2558 1005 2593 3
1022 2557 1098 2603 qui]
1116 2557 1195 2603 quis
1208 2557 1238 2592 B
1352 2556 1374 2591 6
1390 2554 1648 2602 consparsione]
1666 2565 1781 2591 massa

206 2617 370 2654 0m2Vbd
461 2619 505 2655 10
521 2617 696 2654 indicauit
707 2617 738 2652 B
845 2621 966 2654 autem
981 2617 1083 2653 om.B
1187 2617 1225 2651 11
1239 2618 1433 2652 monstram
1443 2613 1474 2649 F
1569 2615 1612 2650 13
1628 2617 1666 2651 et
1681 2612 1780 2650 om.B

208 2679 250 2714 14
267 2678 380 2713 facere
395 2677 478 2714 0m1
570 2689 653 2714 suae
669 2676 772 2714 om.B
891 2677 934 2712 15
950 2677 1008 2712 hic
1020 2676 1084 2711 EF
1206 2676 1249 2712 18
1264 2675 1320 2712 his
1331 2675 1360 2711 G
1375 2675 1414 2721 (h
1430 2676 1471 2711 in
1484 2675 1569 2718 ras.)
1671 2671 1783 2719 enim]

207 2741 326 2773 autem
338 2738 402 2773 EF
451 2738 542 2773 iram
558 2736 716 2774 ostendit
727 2736 757 2772 0
807 2735 980 2782 ostendit]
997 2740 1051 2772 est
1062 2736 1125 2771 EF
1177 2735 1381 2771 demonstra
1393 2736 1425 2771 B
1485 2733 1529 2769 19
1538 2732 1752 2779 patientiam
1763 2731 1781 2767 b

205 2796 247 2831 21
267 2796 362 2832 uasis
376 2795 452 2838 0,Β
470 2797 515 2842 (is
531 2795 601 2842 ελ.)
663 2797 705 2833 23
723 2799 873 2842 apparet
885 2795 915 2831 Ο
990 2795 1034 2831 24
1050 2795 1137 2831 deus
1152 2794 1347 2832 om.GDEF
1404 2791 1590 2839 supplicio]
1606 2791 1738 2829 iudicio
1749 2793 1783 2829 D

206 2855 447 2893 damna-:tiso
508 2856 551 2892 26
568 2856 611 2892 de
627 2855 697 2902 pr.]
715 2867 735 2892 a
749 2855 778 2891 Ο
839 2855 882 2892 27
900 2855 993 2892 bono
1010 2853 1139 2890 om.OF
1195 2854 1238 2890 30
1255 2853 1422 2890 meritum
1438 2863 1555 2888 meum
1569 2852 1667 2888 oer*
