2028 3204
250 248 328 289 616

296 370 408 403 omnis
423 368 616 403 similitudo
634 367 786 412 corporis
803 378 927 412 corpus
944 369 995 400 est

302 429 311 462 l
338 430 413 468 412,
442 430 492 463 13.

253 487 450 532 Simplicius
470 487 572 520 homo
592 485 792 520 excellentis
810 484 996 519 memoriae

303 547 310 580 l
338 548 414 586 389,
441 547 470 580 7.

253 606 350 640 Sina:
375 606 409 639 in
434 609 552 639 monte
579 604 661 638 Sina
684 604 789 638 datus
811 609 863 638 est
887 604 996 637 Deca-

298 666 393 709 logus
418 664 430 698 Ι
457 666 531 705 181,
554 665 584 698 9.
612 663 644 697 Il
672 665 744 704 117,
769 664 821 698 26.

249 724 487 767 singularitas:
501 727 628 758 natura
638 722 887 768 principiorum
899 724 997 756 amat

295 783 573 828 singularitatem
598 782 631 816 ΙΙ
653 783 728 823 222,
752 783 802 817 13.

254 843 461 877 Sodoma-ae
478 842 491 876 I
508 843 584 883 203,
599 843 651 876 22.
667 843 743 882 501,
759 843 811 876 27.
831 842 997 876 Sodoma-

296 913 393 936 orum
427 901 459 936 ll
490 903 564 942 193,
593 903 645 936 23.
676 902 751 942 287,
780 901 832 936 25.

254 962 455 995 Soilouiitae
483 961 516 995 II
543 962 618 1002 288,
644 962 673 995 2.

251 1021 389 1065 specula
419 1020 604 1066 pastoralis
634 1019 648 1053 I
677 1021 753 1060 424,
784 1021 835 1054 11.

251 1080 408 1125 spiritus:
455 1080 536 1124 spir.
582 1079 755 1124 sapientia
799 1083 835 1113 et
878 1089 998 1113 sensus

296 1139 432 1173 animae
459 1139 472 1172 Ι
499 1140 575 1180 416,
600 1140 629 1173 7.
655 1139 749 1183 quod
773 1138 882 1173 sentit
904 1138 998 1183 quod

295 1199 388 1244 sapit
402 1199 495 1243 quod
511 1198 607 1243 uiget
620 1198 764 1243 spiritus
777 1201 831 1232 est
846 1197 860 1231 I
875 1198 952 1239 416,
966 1198 997 1232 5.

296 1258 438 1303 spiritus
462 1262 515 1292 est
539 1257 709 1292 rationale
733 1261 904 1299 nostrum,
930 1268 1000 1302 quo

296 1318 404 1351 sentit
425 1321 531 1362 atque
552 1317 725 1362 intellegit
745 1317 863 1351 anima
887 1317 901 1351 1
923 1317 1000 1358 416,

296 1381 325 1411 Η.
355 1377 492 1422 proprie
506 1381 654 1410 uocatur
667 1388 736 1422 quo
751 1376 1002 1411 ratiocinamur

293 1441 329 1471 et
353 1437 583 1482 intellegimus
598 1436 696 1479 1414,
716 1438 746 1471 4.
768 1437 818 1471 27.
840 1435 1001 1482 quamuis

298 1496 433 1541 proprie
451 1507 519 1530 non
538 1495 700 1530 uniuersa
716 1495 834 1530 anima
850 1496 1001 1537 dicatur,

296 1556 354 1589 sed
371 1555 502 1600 aliquid
517 1555 638 1600 ipsius,
654 1559 772 1589 tamen
788 1559 823 1590 et
838 1555 1001 1590 uniuersa

297 1615 413 1648 anima
434 1615 496 1649 hoc
515 1615 654 1648 nomine
672 1615 870 1660 appellatur
890 1614 905 1648 I
922 1616 1000 1657 413,

298 1676 349 1708 24.
406 1674 549 1719 spiritus
591 1685 611 1708 a
653 1679 769 1708 mente
811 1673 1000 1709 distinctus

302 1733 313 1767 1
336 1735 412 1774 414,
436 1735 487 1768 23.
524 1733 685 1778 spiritum
709 1745 833 1779 corpus
855 1734 998 1768 tertium

298 1804 369 1827 esse
398 1792 409 1826 1
436 1794 513 1834 400,
539 1794 568 1827 9.
595 1793 752 1838 generale
777 1793 914 1828 animae
939 1805 999 1828 no-

298 1863 376 1886 men
404 1864 476 1886 esse
506 1852 521 1886 I
548 1854 624 1893 417,
652 1854 683 1887 3.
714 1854 765 1887 17.
794 1852 913 1887 dicens
939 1865 1000 1899 per

298 1911 494 1956 apostolum
508 1911 636 1946 Christi
650 1911 663 1945 I
678 1913 752 1953 214,
766 1913 795 1947 7.
808 1912 1000 1947 inmundus

301 1971 310 2004 l
331 1972 383 2012 29,
402 1972 453 2006 12.
483 1971 626 2016 spiritus
641 1975 783 2006 sanctus
797 1971 930 2017 digitus
945 1972 999 2007 dei

297 2030 426 2064 ‹licitur
451 2030 466 2064 I
492 2031 566 2072 182,
593 2033 622 2065 1.

252 2101 396 2134 sponsor
423 2090 546 2124 salutis
574 2090 588 2124 I
614 2091 691 2132 311,
719 2091 770 2125 23.

251 2149 489 2194 suggestiones
512 2149 642 2184 diaboli
669 2149 684 2183 Ι
709 2150 785 2190 452,
811 2151 863 2185 22.

255 2208 462 2243 Sunamitis:
500 2208 677 2243 Heliseum
712 2208 747 2243 in
782 2209 906 2243 faeiem
941 2210 999 2244 de-

296 2267 409 2302 functi
419 2267 585 2302 filiiillius
599 2268 998 2304 Sunamitisinsufssasse

301 2326 314 2360 1
339 2327 415 2368 365,
442 2328 494 2362 26.

251 2385 414 2431 superbia
430 2397 535 2421 causa
550 2382 706 2420 omniu'm
724 2386 890 2421 uitiorum
912 2387 926 2421 1
943 2388 998 2430 99,

297 2446 350 2480 20.
380 2445 541 2491 spiritum
559 2445 662 2480 huius
677 2446 800 2480 mundi
817 2446 998 2491 superbiae

296 2504 457 2550 spiritum
476 2516 549 2540 esse
569 2504 584 2539 I
604 2506 678 2546 176,
698 2507 732 2546 1;
750 2506 794 2548 cl.
815 2504 829 2539 I
849 2506 924 2548 150,
943 2507 995 2541 22.

251 2563 427 2610 susceptio
452 2564 630 2599 matutina
659 2564 674 2599 Ι
703 2565 777 2607 193,
806 2566 857 2600 11.

251 2623 471 2669 syllogismus
497 2623 532 2659 ΙΙ
557 2624 611 2666 98,
638 2625 690 2659 11.

251 2682 449 2727 symbolum
475 2683 617 2718 reddere
643 2683 658 2718 1
682 2684 759 2725 312,
785 2684 837 2719 26.
862 2684 940 2725 370,
965 2684 996 2719 2.

297 2742 494 2786 symbolum
513 2742 652 2778 nouisse
672 2742 707 2777 II
725 2743 780 2785 55,
798 2744 830 2778 3.

251 2810 429 2846 synagoga
456 2801 470 2836 I
495 2803 550 2844 53,
575 2803 606 2838 8.

251 2859 422 2905 synodus:
446 2860 480 2895 II
497 2862 553 2903 52,
573 2862 626 2896 21.
646 2862 701 2904 53,
721 2862 752 2897 2.
773 2862 827 2903 77,
848 2862 900 2897 25.
922 2862 998 2904 173,

735 249 781 284 11.
807 247 917 283 Index
938 247 1119 283 nominum
1143 250 1181 282 et
1204 257 1319 282 rerum

1115 366 1167 400 29.
1211 365 1366 410 synodus
1393 364 1538 400 orientis
1564 368 1600 400 et
1627 365 1819 401 occidentis

1117 424 1130 459 l
1157 425 1234 466 570,
1261 426 1313 459 11.

1070 543 1305 577 Tertullianus
1331 542 1423 578 sicut
1450 542 1603 577 animam
1631 542 1682 578 ita
1709 543 1816 578 etiam

1114 603 1218 637 ileum
1263 602 1475 648 corporalem
1520 613 1593 637 esse
1636 603 1819 638 contendit

1119 662 1131 695 I
1157 663 1234 702 342,
1260 663 1314 696 20.

1071 720 1331 756 Thessalonica:
1358 721 1372 755 I
1396 722 1472 762 424,
1498 722 1549 756 22.
1574 722 1651 763 460,
1675 723 1706 756 3.

1071 784 1340 815 testamentum:
1371 781 1463 815 inter
1491 781 1562 815 duo
1592 784 1818 822 testamenta,

1114 840 1149 874 id
1169 844 1223 874 est
1242 844 1344 874 uetus
1363 845 1399 874 et
1416 851 1560 881 nouum,
1580 851 1670 885 quae
1688 840 1734 875 sit
1752 840 1819 875 dif-

1116 899 1264 934 ferentia
1291 899 1304 933 1
1332 900 1407 941 186,
1433 891 1486 934 27.
1525 899 1653 934 ueteris
1677 904 1712 934 et
1736 899 1820 934 noui

1116 958 1321 993 testamenti
1340 959 1512 993 distantia
1535 959 1547 993 I
1571 959 1645 1000 196,
1668 961 1719 994 11.
1743 960 1818 1000 197,

1116 1020 1146 1053 2.
1177 1019 1252 1060 202,
1281 1019 1334 1053 20.
1363 1022 1444 1053 test.
1472 1019 1542 1053 duo
1569 1018 1604 1052 in
1631 1018 1757 1053 ancilla
1783 1021 1821 1053 et

1115 1077 1223 1112 libera
1259 1078 1442 1123 allegorica
1476 1077 1733 1123 significatione
1768 1078 1820 1112 (li-

1116 1137 1248 1172 stincta
1274 1137 1309 1171 II
1333 1138 1388 1179 66,
1413 1138 1465 1172 22.
1495 1137 1509 1171 Ι
1533 1138 1610 1178 499,
1637 1139 1665 1172 1.
1691 1137 1821 1172 ueteris

1118 1197 1322 1231 testamenti
1362 1208 1489 1231 nomen
1529 1196 1642 1231 modis
1681 1197 1820 1231 duobus

1117 1256 1186 1290 dici
1205 1256 1293 1291 solet
1316 1256 1349 1290 II
1369 1258 1423 1298 64,
1445 1258 1497 1291 23.
1530 1260 1673 1302 propter
1692 1256 1821 1291 ueteris

1118 1316 1269 1350 hominis
1287 1315 1417 1350 dicitur
1435 1316 1519 1350 illud
1540 1319 1654 1356 uetus,
1674 1316 1739 1350 hoc
1758 1327 1819 1350 au·

1119 1379 1190 1410 tem
1207 1386 1337 1410 nouum
1355 1379 1496 1420 propter
1511 1375 1706 1410 nouitatem
1722 1375 1821 1421 spiri·

1120 1438 1177 1470 tus
1194 1434 1208 1468 1
1225 1436 1299 1476 188,
1316 1435 1367 1470 16.
1384 1434 1511 1469 ueteris
1525 1434 1729 1469 testamenti
1743 1445 1820 1480 pro-

1119 1494 1225 1528 missa
1241 1498 1378 1529 terrena
1398 1494 1411 1528 l
1431 1495 1505 1535 189,
1525 1495 1575 1529 12.
1594 1498 1696 1528 uetus
1713 1497 1820 1528 testa-

1118 1558 1276 1588 mentum
1300 1553 1439 1588 nomine
1460 1554 1598 1588 litterae
1623 1553 1638 1587 l
1659 1554 1736 1595 498,
1760 1555 1818 1594 243

1118 1615 1161 1657 cl.
1186 1613 1199 1647 I
1221 1614 1297 1655 432,
1321 1614 1372 1648 16.
1394 1614 1471 1655 494,
1494 1614 1546 1648 27.
1568 1614 1645 1654 497,
1668 1614 1720 1648 17.
1741 1613 1818 1654 498,

1120 1674 1170 1707 14.
1197 1674 1273 1714 499,
1299 1674 1351 1707 24.
1376 1673 1454 1714 500,
1478 1673 1530 1708 28.

1073 1731 1246 1766 Timasius
1263 1735 1298 1767 et
1317 1732 1464 1767 Iacobus
1480 1733 1672 1778 Augustino
1696 1731 1819 1768 librum

1115 1792 1281 1828 miserunt
1295 1791 1398 1833 1233,
1423 1794 1451 1826 1.
1468 1791 1503 1826 11
1519 1792 1592 1832 101,
1606 1793 1636 1826 4.
1653 1792 1727 1832 102,
1741 1792 1771 1826 2.
1786 1792 1816 1825 8.

1073 1851 1296 1886 Timotheum
1315 1851 1536 1896 baptizatum
1557 1861 1630 1885 esse
1649 1861 1719 1885 non
1738 1850 1820 1894 legi-

1117 1922 1195 1945 mus
1222 1910 1237 1944 I
1261 1912 1338 1953 369,
1364 1911 1416 1946 26.

1073 1970 1189 2005 Titus:
1218 1970 1231 2004 I
1256 1971 1334 2012 369,
1359 1971 1412 2005 26.

1073 2029 1178 2064 Tobis
1199 2029 1305 2064 etiam
1329 2029 1443 2064 carnis
1463 2028 1653 2064 luminibus
1674 2027 1821 2074 perditis

1117 2089 1249 2123 iustum
1278 2089 1425 2124 uidebat
1455 2088 1469 2123 I
1497 2089 1574 2130 337,
1604 2088 1656 2123 25.

1074 2149 1218 2183 tradux:
1236 2148 1275 2183 de
1288 2149 1424 2183 traduce
1438 2148 1632 2182 animarum
1649 2149 1679 2181 et
1694 2146 1822 2191 peccati

1116 2209 1160 2251 cs.
1171 2219 1255 2252 quae
1265 2208 1360 2253 apud
1373 2207 1549 2253 Pelaqium
1560 2210 1589 2241 et
1601 2206 1817 2241 vincentium

1119 2267 1283 2302 Viclorem
1304 2270 1333 2302 et
1349 2267 1550 2302 Caelestium
1570 2266 1665 2312 (pars
1680 2265 1724 2301 ΙΙ
1739 2266 1820 2308 328)

1115 2327 1275 2361 adnotata
1298 2329 1392 2368 sunt;
1426 2327 1469 2371 cl.
1494 2326 1594 2360 etiam
1621 2324 1637 2359 Ι
1663 2325 1738 2367 129,
1764 2325 1817 2360 19.

1118 2387 1192 2428 132,
1220 2387 1272 2421 10.
1300 2387 1375 2428 133,
1401 2387 1453 2421 11.
1482 2386 1556 2427 143,
1583 2386 1634 2420 13.
1660 2385 1738 2426 323,
1764 2386 1817 2419 11.

1117 2447 1169 2481 17.
1200 2446 1252 2481 19.
1281 2446 1359 2488 328,
1388 2446 1440 2481 15.
1469 2446 1547 2487 344,
1576 2445 1628 2480 15.
1657 2437 1817 2485 345,'21.

1114 2505 1191 2546 519,
1218 2506 1234 2540 1
1259 2509 1317 2541 oet.

1071 2563 1276 2599 transfusio:
1297 2564 1363 2599 filii
1380 2574 1463 2599 uero
1481 2562 1601 2598 anima
1618 2560 1820 2608 propaginis

1116 2623 1352 2659 transfusione
1375 2622 1529 2658 trahitur
1554 2621 1570 2657 I
1593 2623 1671 2663 331,
1696 2622 1750 2657 10.

1071 2682 1199 2718 tribus:
1245 2682 1374 2718 Israhel
1415 2681 1452 2717 in
1494 2680 1658 2717 tribubus
1698 2680 1817 2716 decem

1119 2741 1133 2776 I
1158 2742 1235 2784 415,
1260 2744 1291 2777 4.

1070 2801 1227 2837 trinitas:
1239 2801 1344 2836 unius
1354 2804 1410 2837 est
1417 2800 1643 2846 eiusdemque
1652 2801 1817 2840 naturam

1115 2870 1196 2895 nam
1218 2860 1303 2896 haec
1323 2859 1394 2896 tria
1412 2869 1521 2895 unum
1542 2862 1627 2894 sunt
1645 2861 1682 2893 et
1700 2857 1818 2904 sing-u·
