1976 3210
111 994 150 1023 10

112 1323 149 1353 15

109 1655 151 1684 20

108 1985 149 2014 25

814 258 892 294 cap.
925 250 958 290 4,
989 248 1090 290 e—5‚
1122 248 1141 283 7
1685 237 1763 280 159

178 375 338 432 pitatus
356 374 577 418 uiolentius
596 387 669 430 per
686 387 818 431 prona
836 373 1108 430 prouoluitur.
1144 386 1280 416 nescro
1300 387 1382 429 quo
1402 373 1512 416 enim
1531 373 1656 416 modo
1685 374 1763 416 hoc

178 441 327 498 ipsum,
354 441 465 497 quod
491 440 810 496 concupiscitur,
837 439 889 482 fit
913 439 1143 491 iocundius,
1179 440 1280 482 dum
1308 444 1487 482 uetatur.
1531 444 1574 482 et
1598 440 1676 483 hoc
1702 446 1764 482 est

178 508 287 564 quod
308 507 416 551 fallit
433 511 652 564 peccatum
669 519 743 563 per
758 506 1008 549 mandatum
1027 511 1069 548 et
1087 519 1159 561 per
1176 505 1278 548 illud
1297 505 1461 558 occidit,
1481 519 1576 548 cum
1604 506 1763 549 accedit

177 574 304 617 etiam
321 573 636 629 praeuaricatio,
655 585 762 628 quae
780 571 893 615 nulla
910 577 972 615 est
990 572 1059 615 ubi
1077 572 1143 615 lex
1161 585 1242 614 non
1261 576 1334 615 est.

286 651 332 694 V.
362 652 397 694 7.
429 651 508 695 Sed
535 656 675 694 totum
700 650 837 706 ipsum
863 650 1115 706 apostolicae
1141 650 1340 706 epistolae
1366 650 1516 701 locum,
1543 650 1578 692 si
1612 649 1761 705 placet,

178 717 481 760 consideremus
505 722 547 759 et
571 717 678 760 sicut
702 716 896 760 dominus
920 716 1129 760 adiuuerit
1153 721 1467 772 pertractemus,
1510 716 1604 758 uolo
1639 716 1762 766 enim,

178 783 212 826 si
234 790 422 839 potuero,
444 784 729 826 demonstrare
750 782 865 834 illud,
900 783 1013 838 quod
1043 783 1103 825 ait
1132 782 1365 838 apostolus:
1393 781 1591 825 littera
1629 783 1765 825 occi-

176 850 270 900 dit,
301 849 540 905 spiritus
579 854 750 892 autem
785 849 1038 900 uiuificat‚
1071 862 1154 891 non
1183 849 1233 891 de
1262 848 1452 904 figuratis
1485 847 1764 891 locutionibus

176 915 349 966 dictum,
393 915 586 972 quamuis
629 920 672 957 et
715 914 797 957 illic
826 920 1100 972 congruenter
1138 914 1381 970 accipiatur,
1421 914 1495 956 sed
1533 914 1674 970 potius
1713 914 1763 956 de

179 981 266 1037 lege
300 987 442 1037 aperte
473 982 586 1037 quod
629 981 785 1024 malum
829 986 892 1024 est
937 981 1196 1037 prohibente.
1241 981 1351 1036 quod
1393 994 1488 1023 cum
1528 980 1759 1030 ostendero,

180 1047 367 1103 profecto
402 1047 666 1090 manifestius
703 1047 924 1103 apparebit
964 1048 1067 1090 bene
1094 1047 1234 1090 uiuere
1272 1047 1429 1090 donum
1459 1060 1544 1089 esse
1574 1047 1763 1089 diuinum

182 1127 264 1156 non
315 1119 483 1156 tanturn
523 1113 622 1169 quia
663 1113 822 1156 homini
869 1114 970 1156 deus
1009 1113 1126 1157 dedit
1167 1113 1343 1156 liberum
1393 1113 1626 1163 arbitrium,
1678 1113 1765 1154 sine

178 1193 260 1235 quo
298 1193 372 1222 nec
408 1179 516 1223 male
549 1193 623 1222 nec
661 1179 764 1222 bene
808 1180 979 1231 uiuitur,
1022 1193 1097 1222 nec
1141 1184 1310 1222 tantum
1352 1179 1451 1235 quia
1495 1185 1764 1235 praeceptum

179 1245 311 1297 dedit,
356 1259 438 1302 quo
485 1246 634 1288 doceat
672 1247 1028 1301 quemadmodum
1073 1246 1126 1288 sit
1170 1245 1411 1296 uiuendum,
1453 1246 1524 1288 sed
1558 1245 1657 1302 quia
1692 1258 1765 1300 per

179 1312 372 1368 spiritum
416 1317 609 1355 sanctum
653 1312 856 1355 diffundit
896 1312 1117 1355 casitatem
1157 1312 1197 1354 in
1242 1312 1435 1354 cordibus
1475 1325 1617 1354 corum
1659 1324 1760 1366 quos

179 1378 402 1433 praesciuit
444 1383 490 1420 ut
534 1378 877 1434 praedestinaret,
920 1378 1250 1435 praedestinauit
1294 1383 1341 1420 ut
1373 1382 1554 1429 uocaret,
1597 1377 1766 1419 uocauit

180 1448 227 1485 ut
290 1443 548 1495 iustificaret‚
613 1443 860 1487 iustificauit
919 1449 966 1486 ut
1012 1443 1274 1500 glorificaret.
1335 1444 1412 1486 hoc
1465 1448 1606 1487 autem
1670 1457 1763 1486 cum

178 1510 431 1565 apparuerit,
464 1509 637 1561 uidebis,
667 1515 714 1552 ut
738 1510 945 1562 existimo,
980 1510 1135 1553 frustra
1157 1510 1240 1552 dici
1269 1509 1338 1553 illa
1367 1515 1536 1553 tantum
1560 1523 1646 1552 esse
1674 1523 1765 1565 pos-

177 1575 312 1618 sibilia
332 1576 418 1618 sine
438 1576 642 1631 exemplo,
664 1589 771 1631 quae
791 1576 858 1619 dei
878 1590 1003 1632 opera
1022 1582 1121 1619 sunt
1141 1601 1195 1606 —
1211 1576 1319 1618 sicut
1339 1576 1390 1618 de
1420 1575 1566 1618 cameli
1585 1576 1765 1618 transitu

179 1654 251 1697 per
274 1642 458 1685 foramen
483 1655 582 1685 acus
605 1643 1022 1685 commemorauirnus
1046 1647 1088 1685 et
1112 1655 1398 1698 quaecumque
1422 1642 1503 1685 alia
1526 1647 1624 1685 sunt
1651 1642 1765 1697 apud

178 1721 252 1750 nos
273 1707 542 1763 inpossibilia,
564 1709 678 1764 apud
700 1709 824 1751 deum
846 1714 988 1752 autem
1010 1708 1149 1751 facilia
1170 1733 1223 1738 —
1243 1714 1285 1751 et
1306 1709 1398 1751 ideo
1420 1722 1503 1751 non
1535 1708 1643 1750 inter
1665 1709 1765 1751 haec

177 1774 406 1818 humanam
423 1775 709 1830 deputandam
727 1788 813 1818 esse
830 1775 1049 1826 iustitiam,
1068 1775 1181 1830 quod
1198 1788 1280 1817 non
1298 1775 1353 1818 ad
1369 1775 1447 1826 dei,
1466 1775 1539 1817 sed
1555 1774 1609 1817 ad
1635 1774 1766 1817 horni-

178 1841 241 1883 nis
258 1854 361 1896 opus
378 1841 583 1896 pertinere
600 1841 766 1893 debeat,
784 1842 900 1884 cuius
917 1841 1131 1897 perfectio,
1149 1841 1182 1883 si
1200 1841 1320 1883 estin
1338 1842 1415 1883 hac
1433 1842 1523 1883 uita
1547 1840 1764 1896 possibilis,

177 1906 334 1949 nullam
355 1920 441 1950 esse
460 1920 629 1950 causam
649 1921 722 1950 cur
740 1908 826 1950 sine
847 1907 1036 1963 exemplo
1057 1921 1143 1950 esse
1163 1908 1367 1950 credatur.
1390 1908 1468 1950 hoc
1497 1920 1591 1961 ergo
1612 1906 1765 1949 frustra

178 1973 260 2015 dici
282 1973 383 2015 satis
405 1973 595 2025 elucebit,
620 1987 715 2016 cum
738 1979 780 2016 et
802 1974 935 2029 ipsam
958 1974 1187 2016 humanam
1210 1973 1414 2015 iustitiam
1438 1973 1668 2028 operationi
1700 1973 1766 2014 dei

178 2039 444 2082 tribuendam
465 2053 550 2082 esse
571 2039 776 2089 claruerit,
800 2040 993 2095 quamuis
1013 2053 1095 2082 non
1117 2039 1194 2081 fiat
1214 2040 1301 2081 sine
1322 2039 1501 2081 hominis
1531 2039 1759 2081 uoluntate.

179 2110 221 2147 et
236 2105 326 2148 ideo
344 2105 430 2147 eius
444 2105 740 2161 perfectionem
756 2106 883 2148 etiarn
898 2106 941 2147 in
957 2106 1034 2148 hac
1050 2105 1139 2148 uita
1155 2119 1240 2148 esse
1256 2105 1491 2160 possibilem
1507 2118 1655 2161 negare
1682 2118 1765 2147 non

271 2273 293 2308 3
309 2272 353 2308 cf.
372 2272 474 2308 Rom.
491 2273 523 2315 7,
541 2274 580 2308 11
688 2275 709 2309 4
725 2271 769 2308 cf.
785 2274 891 2310 Rom.
905 2274 938 2316 4,
953 2273 995 2309 15
1098 2274 1117 2308 7
1135 2272 1171 2308 II
1186 2272 1261 2308 Cor.
1276 2274 1309 2314 3,
1323 2273 1344 2308 6
1452 2273 1493 2308 14
1509 2271 1555 2307 cf.
1574 2271 1677 2307 Rom.
1696 2272 1729 2314 5,
1743 2273 1764 2306 5

181 2332 224 2368 15
237 2332 281 2368 cf.
299 2334 402 2369 Rom.
421 2333 454 2375 8,
471 2333 525 2368 29.
543 2333 588 2369 30

274 2454 291 2487 1
306 2451 519 2498 persolbitur
529 2452 558 2488 C
699 2453 719 2488 2
733 2451 921 2488 iucundius
931 2452 1014 2488 Sml
1021 2452 1074 2488 Ta
1201 2453 1364 2496 uertatur
1378 2451 1414 2487 K
1562 2453 1584 2488 3
1600 2451 1764 2487 falliOmI

180 2510 348 2547 acciditO
466 2512 489 2548 5
501 2511 651 2558 epistule
662 2511 720 2549 SO
732 2512 939 2558 aepystolae
949 2512 986 2548 K
1109 2513 1131 2548 8
1143 2511 1410 2558 loquutionibus
1422 2511 1450 2548 S
1571 2512 1592 2547 9
1604 2511 1701 2546 illinc
1715 2511 1767 2545 Td

182 2571 225 2606 12
236 2570 424 2607 arbitrium
436 2582 500 2607 om.
513 2571 605 2607 Km1
663 2573 706 2608 13
718 2570 838 2608 uiuere
848 2571 940 2607 Km1
998 2573 1040 2608 14
1055 2571 1250 2608 uidendum
1262 2571 1549 2608 LmISPmIGmI
1611 2572 1653 2607 16
1669 2581 1765 2617 prae-

180 2629 370 2666 distinaret
379 2630 416 2666 K
511 2629 788 2678 praedistinauit
797 2631 834 2667 K
927 2630 1073 2667 uocauit
1090 2635 1131 2667 ut
1145 2631 1228 2668 iust.
1247 2631 1287 2667 in
1296 2631 1448 2678 mq.m10
1532 2632 1573 2667 17
1589 2633 1664 2676 post
1679 2630 1764 2676 glor.

181 2700 266 2726 eras.
284 2689 498 2736 glorificauit
507 2690 544 2726 K
632 2690 676 2727 18
690 2690 860 2727 uidebitis
869 2691 962 2727 Km1
1048 2691 1219 2727 exestimo
1227 2691 1257 2727 Ο
1270 2695 1358 2726 estio
1370 2691 1388 2726 b
1476 2691 1515 2727 21
1533 2696 1654 2726 autem
1663 2701 1728 2724 om.
1739 2689 1767 2724 S

182 2748 314 2796 facilia]
324 2749 532 2796 possibiliab
619 2749 744 2786 intrab
834 2751 878 2787 22
891 2750 1039 2787 humani
1048 2751 1078 2787 O
1167 2751 1227 2787 alt.
1241 2751 1287 2787 ad
1300 2762 1365 2786 om.
1374 2751 1404 2786 0
1494 2750 1535 2786 24
1550 2748 1762 2785 nulam0m1

182 2818 250 2855 qur
261 2809 346 2845 Lm]
361 2820 453 2856 quur
459 2809 524 2846 ΒΡ
659 2810 704 2846 25
719 2809 939 2846 dicis.1.m18
1063 2809 1135 2846 sati
1147 2810 1342 2857 seluoaepit
1350 2810 1434 2846 Lml
1550 2807 1728 2844 iusticiam
1737 2808 1768 2844 L

181 2867 383 2915 operacioni
391 2869 422 2906 L
494 2869 537 2906 26
551 2879 639 2916 syne
649 2870 679 2906 L
751 2869 913 2906 uolutate
923 2870 953 2906 L
1022 2870 1063 2906 27
1077 2869 1167 2917 eius]
1182 2870 1281 2906 cuius
1292 2870 1321 2906 C
1326 2870 1356 2904 T
1430 2868 1618 2905 fectioneG
