2028 3204
102 955 139 983 10

101 1284 137 1313 15

97 1612 139 1641 20

774 222 860 258 liber
895 222 949 257 111
979 224 1011 264 4,
1045 222 1134 257 7-9
1668 209 1755 253 495

168 351 305 407 perint
356 351 486 405 legem
536 355 725 394 sanctam
774 355 815 392 et
851 349 1005 392 iustam
1044 353 1085 391 et
1137 348 1305 397 bonam,
1365 350 1519 403 putant
1566 346 1644 389 sibi
1695 346 1750 388 ad

170 417 302 460 uitam
337 416 521 460 litteram
556 429 676 472 posse
711 414 902 458 sufficere
938 419 981 457 et
1017 414 1109 456 ideo
1157 427 1241 469 qua
1285 413 1394 456 fiant
1435 412 1612 455 faetores
1652 412 1751 466 legis

168 482 354 525 diuinam
415 481 739 525 misericordiam
804 494 886 523 non
956 479 1187 535 requirunt,
1255 479 1326 522 sed
1386 479 1622 534 ignorantes
1686 477 1750 520 dei

168 548 373 591 iustitiam
419 554 461 590 et
508 561 626 590 suam
672 546 878 590 iustitiam
925 546 1112 589 uolentes
1153 545 1405 588 constituere
1452 543 1637 587 iustitiae
1685 543 1748 586 dei

171 627 251 656 non
277 619 376 657 sunt
393 613 582 656 subiecti.
609 627 659 656 ex
682 613 759 655 hoc
783 625 928 668 genere
953 611 1034 654 fuit
1059 611 1130 654 illa
1153 611 1395 662 multitudo,
1421 624 1526 666 quae
1551 610 1753 652 aduersus

167 680 287 723 deum
309 680 350 722 in
368 680 534 722 heremo
552 678 829 722 murmurauit
848 683 890 720 et
908 677 1065 720 idolum
1084 677 1197 728 feeit,
1211 683 1253 719 et
1272 677 1355 728 illa,
1375 690 1480 732 quae
1499 676 1582 718 iam
1600 676 1641 718 in
1661 675 1753 731 ipsa

170 751 281 788 terra
301 745 582 801 promissionis
602 744 808 787 fornicata
833 749 896 786 est
923 749 1019 799 post
1045 744 1143 786 deos
1170 743 1337 786 alienos.
1368 743 1439 785 sed
1465 743 1566 784 haee
1594 741 1634 783 in
1662 742 1749 796 ipso

167 825 331 867 quoque
357 811 487 854 ueteri
517 815 770 854 testamento
799 810 920 852 ualde
950 809 1124 865 reproba
1153 814 1217 851 est
1246 808 1487 851 multitudo.
1520 807 1577 850 illi
1607 807 1749 857 etiam,

168 877 418 933 quicumque
438 876 494 919 ibi
518 882 650 928 erant,
675 877 763 919 sola
785 889 890 932 quae
916 875 972 917 ibi
996 875 1096 918 deus
1120 875 1340 931 pollicetur
1364 879 1530 916 terrena
1550 873 1752 929 promissa

170 948 376 986 sectantes
394 948 437 985 et
455 943 556 999 quid
574 956 647 998 pro
668 956 777 985 nouo
796 946 1049 984 testamento
1071 955 1120 983 ea
1140 941 1230 997 ipsa
1252 940 1489 996 significent
1511 939 1748 996 ignorantes

167 1022 308 1051 eorum
328 1009 687 1065 adipiscendorum
706 1021 844 1051 amore
865 1013 907 1050 et
926 1007 1254 1050 amittendorum
1276 1006 1424 1049 timore
1444 1006 1509 1048 dei
1528 1010 1752 1061 praecepta

168 1075 404 1125 seruabant,
424 1075 550 1117 immo
572 1088 652 1116 non
678 1074 916 1124 seruabant,
941 1073 1012 1115 sed
1036 1073 1113 1115 sibi
1137 1086 1299 1115 seruare
1322 1072 1593 1122 uidebantur3
1617 1085 1750 1126 neque

167 1140 275 1182 enim
294 1140 398 1183 fides
424 1141 463 1182 in
491 1140 548 1183 eis
573 1153 647 1196 per
671 1139 935 1182 dilectionem
961 1139 1227 1194 operabatur,
1256 1139 1326 1181 sed
1352 1145 1518 1180 terrena
1541 1137 1750 1193 cupiditas

164 1212 381 1262 metusque
406 1206 591 1249 earnalis.
621 1206 677 1249 sie
702 1211 844 1248 autem
870 1210 1093 1261 praecepta
1118 1205 1189 1260 qui
1224 1204 1326 1247 facit
1360 1204 1502 1260 procul
1537 1203 1663 1246 dubio
1691 1203 1752 1245 in-

167 1272 278 1314 uitus
302 1272 402 1315 facit
424 1286 471 1314 ae
492 1286 565 1327 per
586 1273 663 1314 hoe
687 1272 727 1313 in
750 1271 889 1314 animo
912 1285 992 1313 non
1016 1271 1136 1322 faeit3
1157 1270 1321 1313 mauult
1343 1270 1453 1311 enim
1476 1269 1645 1312 omnino
1668 1282 1751 1311 non

168 1338 314 1388 faeere,
347 1338 380 1380 si
412 1338 638 1380 seeundum
659 1351 708 1380 ea
739 1351 843 1392 quae
874 1337 991 1392 eupit
1023 1342 1064 1379 et
1094 1336 1246 1379 metuit
1277 1336 1549 1392 permittatur
1578 1336 1747 1391 inpune.

166 1417 213 1445 ae
235 1417 307 1459 per
323 1404 401 1446 hoe
422 1403 460 1446 in
484 1403 574 1459 ipsa
593 1403 812 1446 uoluntate
834 1403 945 1445 intus
964 1408 1027 1445 est
1049 1416 1155 1453 reus,
1177 1402 1247 1444 ubi
1270 1402 1356 1458 ipse
1378 1401 1448 1457 qui
1470 1401 1673 1457 praecipit
1694 1401 1755 1442 in-

166 1469 287 1524 spicit
325 1470 438 1512 deus.
479 1470 583 1512 tales
623 1474 742 1511 erant
780 1468 855 1511 filii
895 1474 1081 1510 terrenae
1109 1468 1383 1519 Hierusalem,
1422 1467 1472 1509 de
1512 1481 1596 1523 qua
1649 1467 1751 1509 dicit

165 1535 397 1590 apostolus:
446 1535 622 1578 seruit
651 1534 791 1577 enim
821 1548 934 1577 eum
964 1534 1108 1576 filiis
1136 1534 1262 1585 suis,
1284 1534 1496 1590 pertinens
1533 1534 1587 1576 ad
1625 1538 1753 1575 testa-

168 1606 489 1644 mentumuetus
511 1606 758 1644 amente
782 1600 1004 1643 Sinain
1027 1600 1748 1655 seruitutemgeneranffi

165 1680 191 1722 q
209 1667 315 1709 uod
352 1679 372 1707 e
392 1680 409 1709 s
427 1671 446 1709 t
483 1667 560 1722 Ag
577 1680 603 1709 a
620 1680 650 1709 r.
690 1680 741 1708 ex
782 1666 869 1722 ipso
897 1678 1042 1722 genere
1071 1666 1255 1717 fuerunt,
1278 1666 1348 1722 qui
1377 1666 1594 1708 dominum
1622 1665 1751 1708 eruci-

168 1732 352 1774 fixerunt
375 1737 419 1774 et
442 1732 483 1774 in
501 1733 645 1775 eadem
665 1732 913 1774 infidelitate
938 1738 1194 1775 manserunt.
1221 1732 1315 1774 inde
1339 1737 1437 1774 sunt
1461 1732 1590 1774 etiam
1614 1731 1750 1773 adhue

167 1810 309 1840 eorum
343 1798 417 1840 filii
452 1798 493 1840 in
527 1798 682 1854 ingenti
716 1798 986 1840 multitudine
1015 1798 1264 1840 Iudaeorum
1297 1797 1489 1853 quamuis
1524 1798 1607 1840 iam
1639 1811 1755 1839 nouo

166 1869 432 1916 testamento,
454 1864 561 1907 sicut
582 1864 879 1920 prophetatum
901 1869 979 1914 est,
1002 1877 1075 1919 per
1095 1863 1248 1907 Christi
1271 1864 1515 1919 sanguinem
1537 1863 1751 1919 patefacto

121 1941 138 1967 ς,
165 1935 291 1985 atque
310 1929 476 1972 firmato
496 1935 539 1972 et
557 1943 583 1972 a
600 1929 787 1980 flumine,
805 1929 876 1971 ubi
894 1929 1133 1984 baptizatus
1154 1929 1523 1984 magisteriumque
1541 1928 1749 1984 professus

166 2000 243 2045 est,
265 2007 394 2050 usque
414 1995 468 2037 ad
489 1995 687 2037 terminos
709 2000 841 2037 terrae
863 1994 1074 2050 euangelio
1096 1994 1330 2037 diffamato.
1354 1994 1423 2050 qui
1444 1994 1585 2036 Iudaei
1607 2006 1751 2036 seeun-

165 2060 265 2102 dum
286 2060 525 2116 prophetias
546 2073 647 2116 quas
671 2060 813 2116 legunt
835 2072 906 2116 per
926 2072 1068 2103 omnes
1093 2066 1192 2103 sunt
1220 2065 1351 2103 terras
1379 2060 1532 2116 ubique
1562 2059 1753 2116 dispersi,

270 2204 284 2238 1
305 2202 348 2238 cf.
369 2204 523 2245 Rom-7,
543 2203 584 2237 12
659 2203 679 2237 2
695 2202 739 2238 cf·
760 2203 829 2238 Iac·
852 2204 939 2246 4,11
1019 2203 1040 2238 3
1056 2203 1100 2238 cf·
1120 2205 1224 2240 Rom·
1245 2203 1298 2245 10,
1315 2203 1335 2237 3
1410 2203 1431 2237 5
1448 2202 1492 2237 ef.
1510 2203 1618 2238 Num.
1638 2202 1690 2244 16,
1706 2203 1745 2237 41

168 2263 186 2297 7
204 2262 237 2297 cf
268 2262 284 2298 1
303 2264 380 2299 Par·
397 2264 430 2305 5,
448 2263 490 2298 25
562 2264 602 2298 13
619 2263 662 2298 cf·
685 2262 761 2298 Gal.
778 2263 810 2304 5,
828 2262 849 2297 6
921 2263 963 2298 19
981 2262 1058 2299 Gal·
1076 2265 1108 2304 4,
1126 2263 1180 2298 25·
1198 2263 1239 2298 24
1316 2263 1358 2298 25
1375 2263 1418 2298 cf.
1436 2262 1566 2299 Matth.
1583 2263 1617 2304 3,
1636 2263 1688 2297 16-
1709 2263 1748 2297 17

267 2358 287 2392 2
304 2357 459 2404 littereO
528 2368 598 2404 qua
615 2357 721 2404 fiant]
739 2357 839 2404 quasi
856 2358 931 2394 sint
947 2358 1078 2404 D(sint
1093 2358 1163 2404 s-l·)
1243 2359 1264 2393 3
1281 2360 1478 2405 queruntD
1554 2360 1573 2393 4
1591 2358 1749 2394 uolentes

166 2416 342 2453 iustitiam
356 2417 386 2452 0
494 2417 670 2454 iustitiam
687 2418 853 2454 orn-DEF
959 2419 981 2453 6
996 2429 1111 2454 eremo
1122 2419 1186 2455 EF
1200 2419 1364 2454 haeremo
1376 2418 1406 2452 V
1519 2419 1537 2453 7
1555 2427 1697 2464 quoque
1713 2417 1748 2451 in

167 2476 242 2522 ipso
255 2479 287 2513 D
347 2477 368 2512 8
381 2482 501 2514 uetere
513 2478 683 2514 0013de
743 2478 933 2524 reprobata
943 2478 974 2514 C
987 2478 1175 2523 reprobata
1187 2478 1262 2515 Dbd
1324 2479 1367 2514 10
1382 2477 1477 2524 quod
1485 2477 1571 2513 Oml
1641 2477 1755 2522 signi·

166 2535 254 2572 fieat
267 2536 297 2571 V
312 2535 518 2583 significant
530 2536 616 2572 0m1
702 2537 744 2572 12
760 2538 1021 2574 conseruabant
1029 2537 1093 2575 EF
1176 2538 1285 2574 immo
1302 2549 1372 2574 non
1389 2538 1583 2573 seruabant
1597 2536 1747 2572 om.0m1

167 2595 210 2631 13
225 2595 319 2631 enim
336 2596 438 2632 omV
512 2596 575 2643 eis]
590 2597 666 2632 add.
685 2606 753 2643 que
765 2599 798 2634 D
873 2598 914 2633 14
929 2597 1129 2634 carnalesV
1211 2597 1348 2643 autem]
1366 2597 1460 2633 enim
1475 2599 1507 2634 D
1579 2597 1620 2631 15
1636 2596 1749 2642 magis

165 2655 245 2691 uult
254 2655 340 2692 EFd
400 2656 442 2691 16
458 2655 552 2693 facte
564 2656 649 2692 Oml
713 2658 754 2692 17
770 2657 952 2704 praecepit
963 2656 994 2692 V
1067 2658 1109 2694 18
1125 2657 1344 2705 hyerusalem
1360 2658 1390 2693 V
1406 2657 1510 2693 ihrlm
1525 2659 1557 2693 D
1619 2657 1662 2691 19
1676 2655 1750 2691 suis

166 2715 298 2770 omEF
385 2715 427 2752 20
444 2727 533 2762 syna
544 2715 575 2751 V
682 2716 725 2752 22
739 2716 951 2753 infelicitate
964 2716 994 2752 Ο
1010 2716 1228 2754 infidelitate
1245 2728 1286 2752 ez
1302 2717 1513 2753 infirmitate
1526 2715 1556 2750 B
1631 2715 1747 2751 adhuc

166 2773 276 2810 etiam
293 2774 361 2811 filii
375 2785 495 2812 eorum
507 2775 675 2813 CDEde
749 2776 791 2812 23
807 2777 843 2813 in
858 2775 1026 2814 om-DEF
1092 2777 1276 2814 iudeorum
1290 2777 1320 2811 V
1403 2777 1445 2812 25
1462 2780 1498 2812 et
1513 2788 1535 2812 a
1552 2786 1593 2810 ez
1607 2787 1648 2811 ea
1661 2775 1754 2811 Oma

168 2833 370 2880 baptizatos
381 2835 411 2871 0
469 2835 513 2871 26
529 2834 626 2871 iudei
636 2835 667 2871 V
730 2835 772 2872 27
790 2836 981 2882 prophetas
996 2846 1084 2883 quos
1091 2836 1154 2874 OB
