2028 3204
277 212 363 256 404
714 221 772 257 IV.
805 221 858 258 De
889 223 1019 258 natura
1047 224 1085 258 et
1114 221 1248 269 origine
1277 223 1416 259 animae

274 346 453 388 eundem
471 344 608 387 sinum
627 344 839 399 peruenire
858 344 1066 387 meruisse.
1104 344 1137 386 si
1156 358 1237 387 non
1256 344 1401 387 iocaris
1420 348 1464 387 et
1483 358 1618 388 errare
1635 345 1851 402 pueriliter

275 425 358 454 non
393 411 469 462 uis,
506 410 643 452 sinum
676 409 869 452 Abrahae
901 409 1092 464 intellege
1126 413 1330 452 remotam
1363 411 1503 453 sedem
1537 411 1689 466 quietis
1721 415 1849 467 atque

278 480 494 527 secretam,
526 475 600 517 ubi
631 478 695 516 est
725 475 950 518 Abraham.
1000 479 1043 517 et
1072 475 1164 517 ideo
1197 474 1388 518 Abrahae
1417 475 1592 527 dictum,
1624 489 1706 519 non
1737 477 1849 532 quod

274 541 404 597 ipsius
416 544 586 583 tantum
605 540 672 592 sit,
687 541 757 582 sed
775 540 887 595 quod
904 540 992 595 ipse
1009 544 1131 596 pater
1148 539 1376 583 multarum
1392 541 1581 595 gentium
1599 541 1654 583 sit
1670 542 1846 597 posituS,

275 606 427 662 quibus
458 610 522 648 est
549 606 603 648 ad
633 605 887 648 imitandum
916 604 1016 648 fidei
1043 605 1280 661 principatu
1308 606 1559 661 propositus,
1590 606 1698 649 sicut
1724 607 1850 649 deum

277 671 491 720 Abraham
515 673 559 714 et
581 671 705 713 deum
730 671 847 713 Isaac
871 674 914 713 et
935 671 1060 713 deum
1085 670 1209 713 Iacob
1234 684 1275 712 se
1297 671 1398 714 deus
1420 671 1561 714 uocari
1584 671 1730 723 uoluit,
1755 685 1850 715 cum

278 738 334 779 sit
361 735 728 779 innumerabilium
758 737 871 779 deus.

384 813 523 856 XVII.
559 813 622 856 25.
659 813 804 868 Neque
833 813 936 856 haec
964 813 1026 855 ita
1054 826 1120 855 me
1150 813 1347 855 disserere
1377 813 1601 866 existimes,
1633 817 1852 869 tamquam

287 893 433 934 negem
481 879 571 922 fieri
603 892 738 934 posse,
774 883 822 921 ut
854 879 995 921 anima
1034 878 1189 920 mortui
1229 879 1335 921 siout
1376 878 1619 921 dormientis
1657 879 1699 922 in
1742 879 1852 922 simi-

278 948 453 990 litudine
479 945 659 1000 corporis
684 944 747 989 sui
772 944 928 987 sentiat
952 957 1023 986 seu
1046 943 1156 986 bona
1180 957 1250 986 seu
1275 942 1397 986 mala.
1439 957 1538 986 nam
1563 948 1606 986 et
1630 944 1672 986 in
1697 945 1850 987 somnis

278 1010 446 1066 quando
478 1010 620 1065 aliqua
645 1010 749 1052 dura
776 1013 818 1052 et
844 1009 1019 1051 molesta
1048 1008 1318 1064 perpetimur,
1348 1022 1422 1051 nos
1450 1009 1596 1064 utique
1623 1022 1766 1052 sumus
1795 1014 1849 1060 et,

278 1076 357 1119 nisi
383 1075 677 1131 euigilantibus
703 1075 821 1117 nobis
846 1074 917 1117 illa
940 1078 1218 1130 praetereant,
1243 1087 1397 1129 poenas
1420 1074 1685 1129 grauissimas
1710 1074 1854 1130 pendi-

279 1155 392 1190 mus;
425 1142 495 1183 sed
518 1153 690 1196 corpora
711 1153 797 1182 esse
818 1140 994 1191 credere,
1017 1139 1167 1195 quibus
1186 1139 1263 1181 hac
1281 1143 1409 1194 atque
1430 1138 1522 1181 illac
1543 1139 1661 1194 quasi
1683 1138 1855 1182 ferimur

280 1211 323 1249 et
345 1206 570 1248 uolitamus
592 1206 635 1248 in
658 1205 826 1256 somnis,
848 1204 1027 1247 hominis
1051 1208 1126 1257 est,
1150 1204 1222 1260 qui
1242 1217 1391 1259 parum
1413 1204 1636 1260 uigilanter
1657 1205 1708 1247 de
1731 1205 1853 1247 rebus

279 1271 435 1314 talibus
457 1271 671 1327 cogitauit.
710 1271 760 1313 de
780 1271 844 1313 his
865 1270 1017 1325 quippe
1038 1270 1223 1312 uisorum
1242 1270 1492 1325 imaginibus
1513 1270 1693 1312 maxime
1713 1270 1854 1313 anima

279 1338 481 1393 probatur
507 1351 590 1379 non
617 1349 704 1378 esse
731 1348 939 1391 corporea,
976 1335 1055 1377 nisi
1082 1334 1183 1377 uelis
1211 1338 1252 1377 et
1279 1335 1349 1377 illa
1375 1348 1548 1391 corpora
1573 1335 1720 1386 dicere,
1748 1348 1853 1391 quae

195 1434 209 1446 4
279 1407 445 1458 praeter
472 1416 546 1444 nos
574 1402 685 1457 ipsos
712 1405 802 1443 tam
830 1401 964 1443 multa
991 1401 1181 1443 uidemus
1208 1400 1250 1442 in
1279 1401 1450 1442 somnis:
1480 1400 1653 1451 caelum,
1682 1405 1851 1452 terram,

281 1481 407 1519 mare,
447 1468 587 1519 solem,
626 1467 781 1518 lunam,
820 1466 973 1517 stellas,
1012 1465 1177 1517 fluuios,
1214 1471 1390 1517 montes,
1428 1466 1607 1517 arbores,
1645 1465 1852 1508 animalia.

279 1533 382 1576 haec
405 1533 476 1588 qui
499 1545 671 1588 corpora
694 1545 780 1575 esse
804 1532 948 1583 credit,
971 1531 1268 1573 incredibiliter
1288 1531 1458 1586 desipit;
1484 1535 1582 1573 sunt
1604 1535 1745 1573 tamen
1769 1544 1857 1573 cor-

280 1599 451 1654 poribus
476 1598 645 1640 omnino
673 1597 894 1639 simillima.
943 1610 994 1638 ex
1018 1597 1095 1639 hoc
1118 1609 1264 1651 genere
1291 1600 1389 1638 sunt
1417 1596 1556 1648 etiam,
1586 1609 1690 1651 quae
1716 1596 1856 1651 aliqua

282 1663 562 1718 significantia
586 1662 786 1705 diuinitus
811 1663 1152 1704 demonstrantur
1177 1661 1262 1703 siue
1288 1662 1330 1703 in
1356 1675 1501 1703 somno
1528 1662 1614 1703 siue
1639 1661 1682 1703 in
1707 1661 1854 1704 extasi.

282 1742 387 1783 quae
420 1729 530 1771 unde
562 1728 682 1779 fiant,
715 1728 757 1769 id
789 1732 852 1769 est
882 1740 1087 1782 quaenam
1118 1727 1172 1768 sit
1203 1726 1318 1768 uelut
1349 1726 1541 1769 materies
1574 1739 1729 1778 eorum,
1762 1726 1856 1781 quis

282 1794 479 1849 indagare
503 1793 636 1849 possit
659 1797 734 1839 aut
758 1792 921 1835 dicere?
963 1791 1106 1847 procul
1129 1791 1256 1834 dubio
1281 1795 1421 1834 tamen
1447 1791 1643 1847 spiritalis
1669 1796 1746 1842 est,
1772 1805 1855 1833 non

283 1859 519 1915 corporalis,
558 1871 739 1913 namque
761 1858 1000 1900 huiusmodi
1021 1857 1175 1912 species
1199 1857 1315 1899 uelut
1346 1869 1579 1911 corporum,
1610 1870 1692 1898 non
1714 1862 1856 1898 tamen

284 1937 456 1980 corpora
503 1928 544 1966 et
590 1923 854 1979 uigilantium
901 1922 1150 1978 cogitatione
1198 1921 1433 1964 formantur
1479 1926 1521 1964 et
1567 1921 1856 1978 profunditate

284 1990 505 2032 memoriae
536 1989 803 2032 continentur
842 1992 885 2030 et
923 2002 974 2030 ex
1004 1988 1089 2030 eius
1119 1987 1391 2030 abditissimis
1422 1987 1578 2029 sinibus
1609 1987 1744 2029 nescio
1773 1999 1856 2041 quo

284 2055 466 2097 mirabili
490 2059 533 2097 et
554 2054 758 2097 ineffabili
779 2054 903 2096 modo
921 2066 1016 2096 cum
1038 2053 1303 2096 recordamur
1323 2053 1532 2109 prodeunt
1554 2057 1597 2095 et
1619 2052 1737 2108 quasi
1759 2055 1858 2094 ante

388 2191 407 2225 2
424 2189 467 2224 cf.
486 2189 568 2225 Luc.
590 2188 641 2231 16,
662 2189 705 2224 22
765 2190 785 2223 4
803 2187 846 2223 cf.
868 2187 954 2224 Gen.
975 2188 1026 2230 17,
1047 2188 1077 2222 4.
1095 2186 1116 2221 5
1173 2186 1194 2221 6
1211 2185 1256 2226 cf.
1273 2185 1337 2220 Ex.
1356 2186 1387 2228 3,
1407 2186 1427 2219 6
1493 2186 1532 2221 10
1551 2185 1593 2220 cf.
1619 2185 1656 2220 11
1674 2185 1748 2221 Gor.
1765 2185 1798 2226 5,
1819 2184 1859 2219 10

388 2291 407 2324 2
425 2289 527 2325 sinon
539 2289 572 2323 A
648 2289 804 2325 habrahe
817 2289 845 2325 Ο
923 2276 1122 2334 intellegere
1138 2291 1272 2323 motam
1287 2286 1353 2321 BH
1437 2287 1459 2322 3
1474 2286 1653 2322 habrahae
1666 2285 1694 2321 Ο
1767 2285 1789 2320 5
1805 2288 1859 2319 est

286 2351 388 2386 om.T
466 2349 668 2384 mitandum
682 2350 714 2383 A
731 2348 945 2384 imitandam
957 2348 994 2383 H
1079 2346 1285 2393 principatu
1295 2347 1312 2381 b
1387 2336 1548 2392 {positus
1561 2346 1592 2380 T
1672 2345 1693 2379 6
1708 2347 1745 2379 et
1761 2344 1860 2379 om.E

289 2420 396 2456 ysaac
407 2409 439 2445 E
530 2411 567 2444 et
583 2408 681 2445 om.E
791 2407 841 2454 se]
857 2407 918 2443 sed
930 2408 970 2451 Ο,
981 2407 1085 2443 om.H
1177 2406 1291 2442 uoluit
1306 2404 1457 2441 uocari]
1555 2405 1575 2440 8
1591 2415 1704 2451 neque
1720 2403 1815 2439 enim
1830 2404 1860 2439 Τ

285 2479 341 2504 me
357 2469 444 2504 haec
459 2469 544 2504 itad
603 2468 670 2504 hoc
684 2469 714 2503 T
774 2467 962 2503 exestimas
973 2467 1007 2502 A
1086 2466 1106 2501 9
1123 2465 1279 2501 animam
1290 2466 1326 2501 H
1403 2464 1663 2500 dormientesH
1731 2462 1859 2511 dorm]

287 2529 363 2564 add.
376 2528 475 2564 uelut
485 2526 587 2564 ΑΕΗ
634 2526 904 2563 similitudinem
913 2526 983 2562 ΕΗ
1029 2527 1068 2562 11
1080 2538 1131 2572 pr.
1143 2524 1193 2572 et]
1203 2524 1259 2561 uel
1269 2525 1301 2561 Ε
1355 2525 1396 2559 12
1407 2523 1658 2571 quigilantibus
1667 2522 1688 2557 1
1727 2521 1861 2559 illamB

289 2587 411 2633 poenis
422 2587 452 2623 0
536 2588 579 2624 13
596 2597 762 2634 corporea
776 2587 806 2622 T
871 2586 941 2622 huc
957 2589 1065 2632 atque
1081 2585 1163 2621 illuc
1174 2585 1202 2621 Ο
1285 2584 1430 2620 ferimus
1441 2584 1474 2619 D
1559 2584 1602 2619 14
1618 2583 1821 2618 uolutamus
1831 2581 1860 2617 C

291 2647 333 2683 18
349 2646 494 2683 stellaE
509 2650 546 2682 et
561 2646 680 2683 stellas
691 2646 711 2681 1
717 2647 748 2682 T
826 2646 868 2681 19
883 2657 956 2681 esse
973 2645 1073 2681 om.E
1140 2644 1184 2681 20
1199 2643 1297 2680 omni
1313 2642 1319 2691 Ι
1335 2654 1423 2679 nosu
1439 2642 1588 2678 millima
1598 2641 1633 2677 A
1690 2651 1817 2688 genera
1830 2639 1862 2674 B

286 2705 422 2754 aliqua]
441 2705 512 2742 alia
524 2705 621 2742 Blbd
710 2706 750 2741 21
773 2705 1037 2741 demonstratur
1050 2703 1082 2738 B
1179 2702 1316 2740 somnio
1326 2702 1416 2738 ΕΗΙ
1435 2700 1582 2739 somniis
1592 2701 1634 2737 bd
1719 2699 1861 2737 ectasid

287 2766 330 2801 22
347 2765 442 2802 fiunt
453 2765 482 2801 Ο
523 2765 567 2802 23
580 2765 748 2812 ind-gare
759 2765 795 2800 H
810 2765 846 2811 (a
862 2775 888 2800 s.
907 2765 943 2810 ο)
990 2766 1108 2810 potest
1120 2762 1277 2799 BC'Ide
1319 2760 1514 2808 spiritualis
1522 2760 1568 2797 101
1611 2760 1656 2796 24
1670 2770 1784 2807 neque
1794 2759 1861 2795 ΑΕ

288 2825 464 2861 uiusmodi
476 2826 508 2860 A
539 2824 582 2860 25
593 2836 644 2871 pr.
657 2829 693 2860 et
703 2825 806 2860 om.H
837 2824 880 2859 26
891 2823 1006 2860 nescio
1019 2822 1113 2870 quod
1124 2833 1193 2870 quo
1207 2821 1238 2856 B
1277 2822 1319 2858 27
1328 2820 1523 2858 ineffabilis
1533 2820 1562 2857 0
1589 2818 1819 2856 recordantur
1831 2818 1862 2854 Τ

1879 957 1922 988 10

1882 1283 1922 1313 15

1881 1609 1926 1639 20
1987 1627 2002 1653 2,

1882 1934 1925 1965 2⁶
