2028 3204
291 166 370 209 356
729 178 787 213 lv.
821 178 874 213 De
907 181 1036 214 natura
1064 182 1100 216 et
1131 179 1261 226 origine
1288 180 1427 217 animae

286 303 372 345 eius
394 302 482 345 sola
503 302 666 358 sepulta
690 303 754 345 sit.
795 317 842 346 ac
866 317 938 359 per
959 304 1036 347 hoc
1059 306 1327 361 propaginem
1351 307 1583 350 animarum
1606 321 1679 350 nec
1703 313 1857 351 temere

286 369 554 412 astruendam
577 382 650 410 nec
672 374 826 411 temere
847 370 1143 414 destruendam
1165 371 1352 422 dicimus,
1375 373 1446 414 sed
1469 386 1754 416 ammonemus
1775 373 1857 417 alia

285 434 525 476 testimonia
553 447 639 476 esse
668 435 917 489 quaerenda,
947 448 1053 490 quae
1082 450 1163 478 non
1192 437 1460 480 inueniantur
1486 438 1693 494 ambigua.

392 499 483 541 XV.
520 501 582 542 21.
627 499 908 549 Quamobrem
942 501 1041 556 quid
1076 507 1118 543 te
1152 502 1229 544 iste
1263 503 1449 545 docuerit
1483 509 1524 546 et
1560 504 1668 546 unde
1699 504 1854 558 gratias

285 564 424 618 egeris,
461 565 646 607 nondum
682 565 777 607 scio.
829 571 970 608 manet
1007 567 1160 622 quippe
1195 567 1264 610 illa
1299 569 1499 623 quaestio,
1535 569 1641 611 sicut
1676 575 1778 619 erat,
1814 569 1853 611 in

284 642 366 683 qua
391 630 605 684 quaeritur
627 631 678 672 de
702 631 934 674 animarum
961 632 1126 686 origine,
1154 637 1295 675 utrum
1320 633 1408 676 illas
1433 634 1533 676 deus
1557 648 1607 676 ex
1632 634 1856 689 propagine

286 694 392 736 illius
419 696 552 746 unius,
581 709 707 751 quam
733 696 865 751 primo
893 697 1125 740 insufflanit
1152 698 1322 749 homini,
1350 713 1402 741 an
1429 713 1479 741 ex
1505 699 1610 742 flatu
1636 713 1724 750 suo,
1751 699 1856 742 sicut

286 760 417 814 primo
440 761 610 811 homini,
635 762 719 811 det,
743 761 883 812 faciat,
907 762 1039 817 fingat
1062 763 1311 815 hominibus,
1335 777 1438 819 quas
1461 778 1554 807 eum
1577 765 1687 815 dare,
1711 765 1856 815 facere,

286 825 439 878 fingere
467 827 570 869 fides
600 827 825 870 christiana
854 842 934 869 non
964 828 1144 871 dubitat.
1191 843 1318 884 quam
1346 830 1631 884 quaestionem
1659 830 1736 872 iste
1764 844 1857 873 cum

284 890 441 933 soluere
475 898 694 935 conaretur
726 907 799 934 nec
833 893 938 935 uires
971 907 1066 936 suas
1100 894 1342 946 intueretur,
1377 895 1591 937 destruens
1624 896 1855 938 animarum

284 957 553 1011 propaginem
577 963 617 999 et
637 971 819 1000 asserens
847 959 927 1001 ‘eas
952 973 1075 1014 puras
1100 960 1152 1002 ab
1178 960 1290 1002 omni
1315 961 1559 1015 contagione
1576 961 1751 1016 peecati‘
1776 974 1855 1003 non

285 1022 336 1063 de
356 1022 496 1074 nihilo,
514 1024 586 1065 sed
612 1024 674 1065 ‘de
691 1038 733 1066 se
751 1025 838 1078 ipso
862 1024 1075 1067 insufflare
1096 1026 1336 1067 creatorem‘
1359 1031 1399 1067 et
1421 1032 1615 1068 naturam
1636 1027 1702 1068 dei
1723 1031 1857 1068 muta·

286 1086 463 1129 bilitatis
484 1086 718 1143 obprobrio,
739 1090 850 1145 quod
872 1103 1034 1132 necesse
1055 1104 1136 1132 non
1158 1091 1306 1141 fuerat,
1329 1091 1548 1133 infamauit
1570 1097 1623 1142 et,
1645 1092 1745 1133 dum
1767 1091 1855 1133 uult

287 1152 454 1194 reddere
479 1154 696 1203 rationem,
723 1168 773 1196 ne
796 1155 896 1196 deus
921 1156 1113 1197 credatur
1135 1156 1325 1205 iniustus,
1350 1156 1384 1197 si
1407 1169 1530 1210 puras
1555 1156 1607 1198 ab
1631 1155 1743 1198 omni
1767 1169 1857 1210 pec-

286 1222 378 1259 cato
402 1219 574 1267 animas,
600 1219 725 1261 etiam
747 1220 850 1270 illas,
874 1233 977 1275 quas
999 1220 1223 1263 christiana
1244 1221 1551 1275 regeneratione
1572 1235 1653 1263 non
1676 1221 1854 1271 redimit,

286 1282 449 1325 uinculo
478 1285 639 1339 peceati
669 1285 874 1340 originalis
903 1285 1090 1337 innectit,
1121 1300 1168 1328 ea
1196 1286 1302 1328 dixit
1331 1299 1436 1341 quae
1465 1292 1507 1328 te
1535 1286 1628 1328 nolo
1656 1286 1853 1328 docuerit.

284 1354 453 1391 tantum
484 1350 593 1392 enim
625 1350 769 1393 salutis
801 1357 841 1393 et
873 1350 1082 1393 felicitatis
1114 1365 1195 1393 non
1228 1351 1451 1406 baptizatis
1483 1351 1664 1406 paruulis
1695 1351 1854 1401 tribuit,

285 1420 493 1468 quantum
513 1429 585 1457 nec
607 1416 829 1471 Pelagiana
847 1416 997 1458 heresis
1018 1417 1168 1471 potuit.
1206 1422 1247 1459 et
1267 1423 1407 1459 tamen
1427 1417 1478 1459 de
1497 1422 1561 1459 tot
1581 1416 1745 1459 milibus
1766 1430 1857 1471 par-

286 1479 489 1531 uulorum,
501 1481 570 1535 qui
584 1487 812 1524 nascuntur
822 1496 871 1523 ex
883 1482 1019 1536 impiis
1032 1488 1072 1524 et
1084 1483 1347 1537 interimpios
1359 1482 1604 1533 moriuntur,
1615 1495 1696 1525 non
1706 1481 1855 1537 quibus

284 1544 469 1587 homines
501 1560 573 1600 per
604 1547 871 1602 baptismum,
905 1561 997 1589 cum
1030 1547 1172 1599 uelint,
1204 1548 1423 1590 subuenire
1454 1561 1534 1589 non
1565 1553 1752 1602 possunt,
1783 1547 1853 1589 sed

283 1610 333 1651 de
365 1611 513 1665 quibus
545 1612 806 1667 baptizandis
837 1627 956 1655 nemo
988 1613 1125 1667 potuit
1157 1613 1222 1655 uel
1250 1613 1403 1668 poterit
1434 1613 1614 1667 cogitare
1644 1626 1717 1654 nec
1747 1612 1855 1667 quis-

284 1688 409 1729 quam
433 1689 507 1731 pro
534 1678 589 1719 eis
615 1678 766 1720 obtulit
792 1678 857 1720 uel
881 1678 1095 1720 oblaturus
1120 1684 1181 1720 est
1206 1678 1466 1728 sacrificium,
1493 1678 1603 1733 quod
1628 1678 1705 1719 iste
1729 1677 1855 1719 etiam

284 1754 357 1795 pro
384 1755 465 1783 non
494 1742 757 1797 baptizandis
783 1743 941 1785 censuit
968 1743 1239 1793 offerendum,
1268 1744 1366 1798 quid
1394 1743 1546 1784 diceret
1574 1757 1655 1784 non
1682 1743 1852 1784 inuenit.

282 1806 334 1847 de
360 1807 511 1861 quibus
536 1808 570 1849 si
595 1808 718 1850 fuerit
745 1809 1035 1863 interrogatus,
1063 1822 1204 1850 eorum
1229 1809 1392 1850 animae
1419 1808 1518 1862 quid
1544 1808 1780 1857 meruerint,
1808 1814 1853 1849 ut

284 1871 372 1914 illas
396 1873 496 1915 deus
519 1887 593 1915 nec
615 1873 842 1916 abluendas
866 1874 1072 1929 baptismo
1096 1887 1169 1915 nec
1193 1874 1418 1928 expiandas
1441 1873 1591 1915 Christi
1613 1873 1791 1927 corporis
1813 1878 1853 1914 et

282 1938 491 1992 sanguinis
509 1939 710 1981 sacrificio
729 1945 770 1981 et
787 1940 829 1981 in
848 1944 1061 1982 aeternum
1074 1940 1332 1981 damnandas
1351 1939 1463 1981 carui
1481 1938 1696 1981 inseruerit
1714 1951 1854 1993 pecca—

283 2003 388 2053 trici,
417 2009 491 2046 aut
519 2005 686 2046 omnino
715 2005 901 2047 haerebit
929 2009 969 2047 et
997 2005 1033 2046 ei
1060 2010 1201 2047 nostra
1230 2004 1440 2046 cunctatio
1469 2003 1535 2046 uel
1560 2016 1648 2045 sero
1675 2002 1853 2058 placebit

283 2073 356 2110 aut
382 2069 505 2111 simul
531 2083 604 2124 pro
632 2070 823 2113 omnibus
850 2070 1046 2125 paruulis,
1074 2070 1144 2125 qui
1170 2075 1261 2112 toto
1289 2069 1385 2112 orbe
1411 2074 1615 2111 terrarum
1639 2068 1726 2110 sine
1751 2068 1855 2110 chri-

282 2133 418 2176 stiano
445 2134 698 2189 baptismate
723 2136 969 2186 moriuntur,
997 2136 1123 2177 etiam
1149 2149 1290 2178 eorum
1315 2134 1551 2177 nominibus
1575 2133 1727 2183 tacitis,
1754 2146 1854 2188 quo-

284 2199 395 2241 niam
418 2200 659 2242 nesciuntur
681 2201 722 2243 in
745 2201 915 2243 ecclesia
937 2201 1100 2251 Christi,
1126 2214 1206 2242 non
1230 2199 1500 2255 incorporatis
1523 2199 1681 2254 corpori
1704 2198 1853 2240 Christi

282 2263 539 2307 offerendum
571 2279 718 2321 eorpus
748 2266 900 2309 Christi
927 2280 1012 2308 esse
1042 2266 1236 2308 censebit.

377 2353 414 2387 11
434 2352 534 2388 Vinc.
551 2353 673 2390 Victor
763 2355 807 2390 22
823 2354 867 2390 of.
886 2365 966 2401 pag.
984 2355 1062 2396 310.
1080 2354 1245 2396 19—311‚
1262 2356 1279 2390 1

373 2425 394 2458 3
410 2434 486 2459 esse
505 2425 751 2461 testimoniaE
823 2425 1054 2462 inueniuntur
1064 2426 1097 2461 A
1167 2427 1187 2461 7
1203 2426 1278 2470 post
1290 2424 1392 2460 unius
1406 2433 1487 2466 ras„
1501 2423 1539 2459 in
1552 2433 1620 2468 qua
1636 2424 1707 2469 qua
1721 2421 1854 2468 primus

280 2494 372 2529 coqn.
387 2486 417 2519 A
464 2499 504 2519 *ια
519 2484 699 2521 sufflant
713 2487 745 2520 A
793 2486 814 2521 8
832 2485 947 2532 primsi
960 2486 991 2520 A
1040 2485 1153 2520 facere
1168 2485 1218 2520 bis
1232 2484 1263 2518 B
1310 2484 1351 2520 12
1368 2494 1404 2519 se
1421 2483 1521 2519 om.A
1567 2482 1609 2518 13
1619 2480 1808 2529 opproprio
1819 2481 1851 2516 A

285 2545 327 2579 14
344 2543 481 2579 ratione
491 2545 524 2580 A
580 2544 729 2580 iniustas
738 2544 767 2580 G
848 2546 889 2581 15
905 2545 1054 2581 redemit
1066 2543 1206 2580 BCFGb
1284 2543 1325 2578 16
1340 2542 1498 2579 docueris
1510 2543 1542 2578 A
1613 2541 1657 2577 17
1669 2540 1850 2577 felicitatis

283 2606 322 2639 et
336 2603 463 2640 salutis
474 2604 506 2639 E
562 2604 788 2651 baptismatis
807 2606 838 2639 A
899 2604 1025 2641 tribuit
1039 2603 1194 2650 paruulis
1209 2602 1269 2640 BG
1314 2603 1356 2639 18
1372 2602 1507 2638 hereses
1521 2598 1664 2638 BGFmI
1681 2599 1809 2636 heresis
1822 2599 1850 2634 C

282 2662 328 2708 (is
344 2674 372 2698 s.
389 2663 426 2708 l.)
489 2663 531 2699 19
545 2663 639 2700 inter
654 2663 770 2711 impiis
784 2665 814 2699 E
874 2663 919 2699 20
931 2663 1020 2699 uelit
1033 2665 1066 2699 A
1136 2662 1272 2710 possint
1284 2662 1315 2698 E
1376 2662 1418 2698 23
1435 2671 1498 2708 pro
1515 2659 1614 2696 nobis
1630 2658 1854 2706 baptizatisd

284 2722 332 2758 25
346 2723 537 2769 expiendas
549 2725 580 2759 A
643 2723 686 2759 26
704 2723 826 2760 inserit
838 2723 930 2759 codd.
945 2723 1055 2759 nostri
1067 2721 1252 2758 inseruerit
1269 2721 1397 2767 aliquot
1412 2720 1504 2756 codd.
1520 2718 1696 2756 adarim
1710 2730 1734 2754 a
1752 2717 1850 2754 nobis

281 2782 397 2818 collati
417 2782 551 2819 inserat
561 2783 603 2819 bd
658 2784 699 2820 28
715 2774 775 2830 κῖὶ
785 2784 817 2819 Ε
871 2783 916 2818 29
934 2781 1051 2819 tatitis
1064 2783 1096 2818 A
1150 2782 1193 2818 30
1209 2781 1294 2818 haec
1307 2780 1415 2816 closis
1428 2781 1460 2815 A
1514 2776 1847 2826 incorporatnle

1888 907 1925 935 ¹0

1888 1232 1923 1261 15

1883 1559 1924 1589 20

1882 1884 1923 1914 25

1881 2208 1922 2238 30
