2028 3204
297 244 376 287 372
737 253 795 288 IV.
830 253 881 288 De
908 256 1037 288 natura
1067 255 1104 287 et
1134 251 1265 297 origine
1292 250 1430 286 animae

296 392 486 435 separare
526 393 549 421 a
588 391 712 433 regno
751 378 829 428 dei,
867 382 928 427 ut,
955 390 1049 420 cum
1076 390 1189 431 reges
1214 381 1349 418 terrae
1374 389 1457 418 non
1483 380 1652 418 tantum
1677 376 1719 418 in
1745 377 1869 419 domo

295 458 371 487 sua
405 458 479 486 nee
513 449 683 486 tantum
718 443 759 485 in
802 442 938 498 patria
971 456 1061 493 sua,
1098 442 1169 484 sed
1223 441 1342 496 longe
1386 441 1551 496 lateque
1588 441 1713 484 etiam
1754 446 1869 485 trans

298 523 410 552 mare
443 523 611 564 regnare
644 508 923 558 inueniantur,
960 521 1033 549 rex
1065 507 1136 562 qui
1168 507 1266 549 fecit
1292 506 1451 549 eaelum
1478 511 1519 548 et
1545 511 1698 549 terram
1723 520 1798 549 nec
1823 507 1865 550 in

295 580 388 617 tota
421 576 544 617 domo
577 588 653 617 sua
684 587 854 628 regnare
886 572 1078 615 dicatur?

409 641 470 682 16.
495 639 574 682 Sed
593 640 699 681 forte
719 639 831 681 dicas
851 638 989 681 omnia
1007 638 1173 693 quidem
1192 637 1396 692 pertinere
1415 638 1467 680 ad
1487 637 1551 679 dei
1569 650 1752 692 regnum,
1773 638 1870 692 quia

298 711 442 760 regnat
454 706 495 747 in
509 705 642 755 caelis,
652 710 797 758 regnat
810 705 851 746 in
863 704 995 754 terriS‚
1008 704 1048 746 in
1062 703 1234 758 abyssis,
1246 703 1288 745 in
1299 703 1504 758 paradiso,
1516 703 1558 744 in
1569 702 1727 744 inferno
1739 703 1870 745 —ubi

298 772 405 813 enim
431 784 512 813 non
535 775 693 826 regnat,
723 770 838 812 cuius
860 769 1014 824 ubique
1040 782 1204 811 summa
1231 773 1417 823 potestas
1445 768 1537 810 est?
1566 793 1630 818 —,
1659 768 1729 810 sed
1758 768 1869 811 aliud

298 850 384 878 esse
399 850 572 892 regnum
590 835 808 886 caelorum,
827 849 908 890 quo
925 835 987 876 fas
1003 848 1084 876 non
1102 838 1163 876 est
1180 834 1371 876 accedere
1388 833 1464 875 nisi
1480 833 1644 875 lauacro
1660 846 1871 887 regenera-

298 902 424 944 tionis
443 902 608 944 ablutos
627 906 797 956 propter
814 900 1065 942 dominicam
1084 912 1226 942 ueram
1244 899 1456 954 fixamque
1474 898 1738 949 sententiam,
1758 898 1869 941 aliud

301 981 387 1010 esse
418 973 559 1009 autem
591 980 762 1021 regnum
793 971 996 1008 terrarum
1028 965 1093 1007 uel
1124 965 1297 1007 aliarum
1329 970 1541 1006 creaturae
1571 964 1765 1019 partium,
1798 964 1867 1007 ubi

298 1038 472 1087 possunt
494 1046 579 1074 esse
600 1032 762 1087 aliquae
789 1031 1023 1074 mansiones
1050 1032 1199 1073 domus
1226 1030 1290 1071 dei
1319 1030 1509 1085 quamuis
1538 1029 1790 1084 pertinentes
1817 1030 1869 1072 ad

301 1111 473 1153 regnum
503 1098 581 1148 dei,
614 1111 695 1139 non
726 1102 868 1139 tamen
899 1098 951 1139 ad
982 1110 1153 1151 regnum
1184 1095 1403 1146 caelorum,
1436 1095 1506 1137 ubi
1537 1094 1801 1136 excellentius
1831 1100 1872 1136 et

299 1163 461 1205 beatius
490 1169 550 1205 est
577 1176 748 1217 regnum
776 1163 859 1212 dei;
888 1162 948 1204 ita
973 1162 1075 1212 fieri,
1104 1167 1150 1204 ut
1178 1174 1251 1202 nec
1279 1161 1441 1216 aliquae
1467 1161 1615 1202 domus
1641 1160 1706 1201 dei
1733 1165 1871 1215 partes

298 1233 426 1283 atque
444 1228 681 1270 mansiones
701 1242 725 1270 a
744 1241 868 1283 regno
888 1228 953 1269 dei
973 1227 1126 1269 nefarie
1145 1232 1388 1282 separentur
1407 1230 1447 1268 et
1467 1230 1608 1267 tamen
1628 1239 1710 1267 non
1731 1239 1871 1267 omnes

300 1294 341 1335 in
371 1307 495 1348 regno
526 1293 732 1335 caelorum
760 1293 1021 1335 mansoribus
1050 1297 1348 1347 praeparentur
1377 1296 1504 1346 atque
1532 1291 1573 1332 in
1603 1290 1665 1332 his
1695 1303 1800 1345 quae
1828 1291 1869 1332 in

298 1373 423 1414 regno
445 1359 651 1401 caelorum
672 1373 753 1400 non
774 1363 872 1401 sunt
892 1358 1052 1414 possint
1072 1357 1245 1399 feliciter
1263 1357 1464 1406 habitare,
1488 1356 1637 1411 quibus
1657 1368 1724 1398 eas
1745 1355 1870 1398 etiam

300 1438 382 1466 non
407 1424 631 1479 baptizatis
656 1425 756 1466 deus
781 1425 879 1466 dare
903 1423 1093 1474 uoluerit,
1119 1428 1165 1465 ut
1190 1424 1231 1465 in
1256 1436 1379 1477 regno
1405 1422 1470 1464 dei
1493 1422 1590 1472 sint,
1616 1421 1806 1476 quamuis
1830 1421 1870 1463 in

300 1503 424 1545 regno
456 1489 676 1538 caelorum,
708 1490 805 1545 quia
834 1489 1037 1545 baptizati
1066 1502 1148 1530 non
1177 1493 1288 1538 sunt,
1320 1501 1405 1529 esse
1434 1500 1516 1529 non
1545 1487 1716 1541 possint.

408 1556 469 1597 17.
501 1555 593 1597 Hoc
623 1555 693 1610 qui
721 1555 865 1597 dicunt
894 1555 1090 1597 uidentur
1117 1554 1283 1609 quidem
1312 1553 1389 1595 sibi
1417 1552 1572 1607 aliquid
1601 1552 1745 1601 dicere,
1776 1551 1873 1606 quia

300 1620 526 1675 scripturas
545 1620 806 1675 neglegenter
834 1620 1069 1662 adtendunt
1098 1625 1138 1661 et
1168 1619 1375 1674 quomodo
1404 1631 1575 1672 regnum
1603 1617 1667 1659 dei
1695 1617 1869 1667 dicatur,

297 1686 407 1727 unde
427 1699 590 1727 oramus
608 1686 810 1727 dicentes:
839 1698 863 1726 a
879 1685 905 1727 d
925 1699 950 1727 u
968 1699 988 1727 e
1007 1684 1064 1726 ni
1082 1698 1106 1725 a
1123 1689 1141 1725 t
1172 1698 1190 1726 r
1208 1697 1229 1725 e
1244 1697 1270 1737 g
1288 1697 1315 1725 n
1333 1697 1358 1724 u
1376 1697 1416 1724 m
1450 1687 1469 1724 t
1486 1696 1512 1724 u
1530 1697 1557 1725 u
1578 1696 1631 1730 m,
1656 1696 1736 1724 non
1753 1682 1871 1723 intel-

298 1750 459 1805 legunt.
489 1763 661 1804 regnum
689 1750 755 1792 dei
780 1750 945 1801 dicitur,
979 1750 1049 1792 ubi
1071 1763 1165 1792 cum
1191 1749 1261 1791 illo
1288 1747 1422 1791 fidelis
1447 1747 1604 1789 familia
1635 1747 1721 1789 eius
1752 1747 1874 1789 beate

298 1821 339 1858 et
367 1817 617 1870 sempiterne
648 1821 740 1858 tota
768 1816 977 1871 regnabit;
1010 1830 1106 1858 nam
1136 1815 1363 1857 secundum
1393 1818 1646 1868 potestatem
1678 1826 1783 1868 quae
1812 1812 1869 1854 illi

299 1894 422 1936 super
455 1882 593 1924 omnia
626 1886 687 1924 est
720 1882 846 1923 etiam
879 1895 989 1924 nunc
1021 1881 1165 1936 utique
1197 1885 1354 1935 regnat.
1405 1879 1504 1934 quid
1537 1892 1630 1933 ergo
1664 1883 1724 1919 est
1758 1878 1868 1932 quod

298 1960 476 1998 oramuS‚
508 1952 555 1989 ut
586 1947 740 1998 ueniat,
773 1947 850 1989 nisi
880 1951 927 1989 ut
959 1960 1052 1989 cum
1083 1946 1150 1988 illo
1181 1959 1350 2001 regnare
1380 1943 1641 1986 mereamur?
1675 1943 1752 1986 sub
1783 1943 1868 1984 eius

300 2017 440 2054 autem
464 2017 675 2067 potestate
700 2013 826 2055 etiam
850 2012 908 2054 illi
933 2017 1066 2063 erunt,
1092 2012 1163 2067 qui
1186 2024 1320 2066 poena
1344 2010 1499 2052 aeterni
1522 2009 1627 2063 ignis
1651 2008 1868 2051 ardebunt.

299 2078 603 2133 numquidnam
624 2078 676 2120 ob
694 2078 771 2120 hoc
790 2078 916 2120 etiam
934 2078 1044 2133 ipsos
1062 2078 1104 2119 in
1122 2090 1245 2132 regno
1265 2076 1329 2118 dei
1348 2075 1510 2117 futuros
1528 2074 1678 2117 dicturi
1696 2072 1869 2116 sumus?

393 2231 414 2265 3
431 2230 473 2266 cf.
492 2230 572 2266 Act.
592 2231 645 2272 14,
665 2232 705 2266 14
767 2230 789 2265 5
804 2230 847 2266 cf.
866 2230 920 2265 Ps.
937 2231 1013 2272 134,
1025 2229 1049 2264 6
1115 2231 1136 2265 8
1155 2229 1199 2266 cf.
1216 2229 1286 2265 Tit.
1304 2230 1337 2272 3,
1350 2228 1384 2265 5.
1402 2228 1418 2263 Ι
1433 2228 1510 2265 Cor.
1525 2229 1557 2270 6,
1572 2227 1743 2263 11.Mar0.
1755 2226 1809 2269 16,
1825 2226 1867 2261 16

303 2291 344 2326 21
361 2289 489 2325 Matth.
507 2291 539 2331 6,
555 2291 597 2325 10

388 2380 410 2414 3
433 2378 662 2414 inueniantur
674 2389 817 2424 regnare
829 2380 860 2414 E
963 2379 984 2415 4
1001 2378 1094 2414 dom'
1105 2378 1135 2414 C
1239 2378 1261 2413 5
1276 2377 1338 2424 qui
1349 2377 1382 2413 D
1466 2376 1488 2411 6
1505 2379 1629 2421 regnat
1644 2375 1681 2410 in
1700 2373 1817 2420 terris]
1832 2378 1870 2409 et

298 2438 336 2473 in
351 2441 444 2473 terra
455 2439 487 2473 Α
533 2438 555 2473 8
570 2442 588 2473 e
601 2439 633 2473 Ε
647 2450 719 2474 esse
731 2440 772 2482 (ε.
784 2439 806 2473 l.
821 2441 891 2482 est)
902 2439 921 2473 I
968 2439 1021 2474 fas
1035 2442 1090 2474 est
1103 2449 1174 2474 non
1189 2441 1243 2473 est
1255 2436 1286 2472 B
1330 2438 1352 2473 9
1367 2435 1522 2472 sentiaC
1569 2435 1611 2471 10
1627 2439 1682 2471 est
1697 2438 1817 2470 autem
1831 2432 1863 2467 B

300 2502 419 2533 autem
433 2508 505 2533 esse
516 2498 625 2533 13de
683 2499 721 2534 11
741 2498 865 2543 queuis
877 2498 905 2533 C
961 2499 1003 2534 13
1017 2497 1141 2533 beatus
1153 2497 1274 2533 CHmI
1329 2496 1453 2533 domos
1464 2495 1492 2530 G
1549 2496 1590 2531 14
1609 2497 1820 2540 suparentur
1833 2494 1865 2528 Α

302 2558 343 2593 15
365 2556 608 2593 mansionibus
623 2555 706 2593 BCI
725 2558 924 2592 mansiones
938 2558 991 2593 Td
1043 2557 1087 2592 iis
1104 2557 1127 2592 d
1186 2557 1223 2591 in
1239 2557 1339 2593 om.E
1400 2555 1441 2592 16
1456 2564 1601 2602 regnum
1614 2554 1646 2589 E
1699 2555 1823 2599 possut
1836 2553 1866 2587 Ε

299 2617 360 2663 qui
371 2617 399 2652 Ο
472 2617 512 2652 17
528 2616 583 2652 dei
599 2627 707 2663 regno
723 2616 779 2651 dei
794 2617 826 2652 A
843 2616 898 2651 dei
914 2627 1020 2662 regno
1031 2617 1102 2652 ΒΗ
1175 2617 1217 2652 18
1228 2615 1290 2662 qui
1304 2615 1333 2651 C
1406 2617 1556 2662 possunt
1566 2613 1617 2648 ΕΙ
1686 2613 1729 2648 19
1749 2611 1864 2648 dicere

299 2676 367 2712 tibi
380 2676 514 2722 aliquid
529 2675 610 2712 BCI
715 2676 827 2712 dicere
843 2675 976 2722 aliquid
989 2677 1010 2711 d
1100 2675 1144 2711 20
1162 2675 1219 2712 dei
1235 2674 1330 2712 omo
1420 2675 1461 2710 21
1479 2673 1604 2709 ueniat
1615 2672 1638 2707 ἀ
1726 2670 1770 2705 22
1784 2671 1866 2706 ante

300 2746 443 2782 regnum
458 2735 536 2771 add.
555 2735 640 2782 quia
650 2735 724 2771 Ebd
802 2735 857 2770 dei
871 2736 974 2771 om.D
1049 2735 1092 2771 23
1106 2735 1157 2782 et]
1171 2745 1213 2771 ac
1222 2734 1290 2770 DE
1364 2732 1432 2769 illis
1444 2732 1473 2768 0
1556 2733 1600 2768 24
1613 2730 1674 2766 alt.
1693 2733 1748 2766 est
1765 2729 1865 2766 om.C

301 2795 342 2830 25
368 2796 427 2831 alt.
455 2799 497 2831 ut
521 2807 585 2831 om.
597 2795 665 2830 ΕΗ
770 2795 813 2830 26
837 2794 959 2841 poenis
983 2795 1013 2830 T
1119 2795 1162 2831 27
1184 2793 1444 2840 numquinnam
1456 2793 1489 2827 A
1513 2790 1748 2837 numquinam
1767 2789 1860 2825 Hml

301 2854 439 2890 tuturos
465 2866 530 2890 om.
542 2855 573 2889 E

1899 975 1939 1005 io

1899 1301 1940 1330 15

1898 1628 1941 1657 20

1896 1953 1939 1983 25

1986 187 1995 244 ——m
1988 154 1998 178 ῃ,
1991 140 1993 144 ⁴
