1976 3210
797 238 873 275 cap.
904 229 956 270 14,
986 227 1119 263 24-25
1675 211 1750 254 179

279 359 342 401 25.
371 358 503 407 Quem
520 361 657 398 totum
672 355 809 397 locum
825 354 1004 396 adtende
1020 359 1061 395 ct
1076 353 1171 395 uide
1187 358 1327 395 utrum
1344 350 1568 406 quicquam
1585 356 1752 405 propter

173 423 523 468 circumcisionem
550 421 615 464 uel
636 421 861 464 sabbatum
884 419 950 463 uel
971 419 1072 475 quid
1095 419 1208 462 aliud
1231 416 1465 461 umbratilis
1487 414 1749 465 sacramenti,

174 504 222 534 ac
237 504 319 533 non
336 495 473 532 totum
490 494 661 545 propter
675 488 753 530 hoc
769 487 895 537 dicat,
912 486 1026 541 quod
1041 485 1181 528 littera
1196 484 1418 541 prohibens
1433 488 1651 538 peccatum
1669 494 1751 523 non

0 537 21 659 ὲ
174 556 363 599 uiuificat
389 555 613 605 hominem,
642 555 714 597 sed
740 553 881 609 potius
908 552 1059 596 occidit
1087 552 1275 605 augendo
1303 548 1680 605 concupiscentiam
1710 552 1752 588 et

0 650 21 690 3²
127 635 144 662 5
173 623 437 678 iniquitatem
459 620 813 677 praeuaricatione
831 619 1096 668 cumulando,
1117 618 1193 660 nisi
1214 618 1357 660 liberet
1377 616 1512 669 gratia
1530 629 1602 671 per
1620 614 1749 669 legem

0 695 19 717 ⁵
173 689 270 732 fidei
296 701 402 744 quae
429 693 490 730 est
517 687 557 729 in
586 687 748 729 Christo
779 686 883 734 Iesu,
911 698 1007 728 cum
1033 684 1286 727 diffunditur
1312 683 1465 725 caritas
1490 683 1531 724 in
1559 680 1752 723 cordibus

174 755 324 797 nostris
340 768 412 810 per
428 754 619 810 spiritum
637 759 844 803 sanctum,
862 752 934 807 qui
950 752 1075 794 datus
1092 755 1154 792 est
1172 750 1301 792 nobis.
1320 763 1415 791 cum
1433 749 1541 791 enim
1559 747 1749 790 dixisset:

173 827 225 864 ut
263 821 547 863 seruiamus
580 821 630 864 in
665 819 901 865 nouitate
935 817 1151 873 spiritus
1185 822 1232 858 et
1267 828 1367 861 non
1401 816 1450 860 in
1489 819 1752 856 uetustate

172 888 389 934 litterae,
409 886 529 941 quid
548 899 659 940 ergo
674 883 923 927 dicemus?
938 883 1085 939 inquit.
1103 883 1183 925 lex
1202 887 1465 938 peccatum
1485 880 1583 922 est?
1604 879 1748 922 absit.

105 967 144 995 ιο
178 953 262 995 sed
292 958 556 1008 peccatum
587 964 687 997 non
717 950 933 1006 cognoui
970 950 1066 995 nisi
1108 963 1194 1005 per
1228 949 1395 1001 legem.
1432 959 1547 992 nam
1577 958 1750 989 coneu-

171 1019 475 1075 piscentiam
496 1018 794 1065 nesciebam,
818 1017 914 1061 nisi
935 1016 1016 1058 lex
1042 1016 1250 1058 diceret:
1280 1026 1378 1059 non
1405 1013 1748 1068 concupisces,

176 1086 439 1129 occasione
464 1090 643 1127 autom
671 1088 881 1139 accepta
904 1087 1169 1138 peccatum
1195 1095 1279 1137 per
1310 1080 1609 1125 mandatum
1643 1093 1751 1133 ope-

167 1157 335 1194 ratum
359 1156 433 1193 est
455 1151 504 1194 in
528 1164 601 1192 me
624 1162 819 1195 omnem
843 1148 1338 1204 concupiscentiam:
1363 1147 1469 1188 sino
1493 1146 1595 1197 lege
1618 1145 1749 1188 enim

168 1223 431 1274 peccatum
463 1223 720 1259 mortuum
751 1221 836 1258 ost.
871 1229 955 1270 ego
987 1220 1157 1257 autom
1202 1213 1436 1256 uiuebam
1470 1211 1750 1266 aliquando

101 1296 139 1325 15
167 1285 275 1329 sine
301 1283 416 1338 lege,
444 1283 755 1327 adueniente
782 1287 952 1324 autem
979 1281 1220 1323 mandato
1250 1284 1515 1335 peccatum
1542 1278 1747 1319 reuixit.

167 1364 251 1405 ego
270 1355 439 1391 autem
461 1355 586 1391 mort
602 1363 691 1391 uus
713 1362 821 1390 sum
841 1354 888 1389 et
907 1348 1181 1391 inuentum
1201 1352 1274 1388 est
1295 1346 1414 1387 mihi
1434 1344 1678 1387 mandatu
1693 1357 1747 1393 m,

176 1416 309 1471 quod
336 1421 441 1457 erat
469 1416 517 1458 in
549 1415 720 1462 uitam,
752 1415 841 1456 hoc
869 1427 972 1455 esse
1001 1414 1049 1457 in
1079 1417 1301 1455 mortem.
1332 1417 1594 1466 peccatum
1617 1410 1749 1451 enim

173 1482 437 1525 occasione
490 1486 702 1536 accepta
752 1493 835 1535 per
881 1480 1180 1522 mandatum
1226 1478 1412 1520 fefellit
1458 1491 1531 1519 me
1572 1483 1618 1518 et
1667 1489 1751 1530 per

166 1548 292 1590 illud
326 1548 523 1590 occidit.
578 1548 754 1601 itaque
788 1546 869 1588 lex
907 1546 1110 1600 quidem
1146 1550 1325 1589 sancta
1359 1549 1407 1586 et
1448 1543 1748 1587 mandatum

93 1626 136 1656 2⁰
164 1619 399 1657 sanctum
421 1619 468 1655 et
495 1614 687 1655 iustum
710 1618 758 1655 et
784 1612 986 1656 bonum.
1015 1612 1148 1667 quod
1169 1625 1281 1666 ergo
1302 1610 1491 1652 bonum
1519 1615 1605 1659 est,
1630 1608 1748 1650 mihi

164 1681 362 1723 factum
400 1684 475 1721 est
509 1679 662 1722 mors?
698 1679 842 1721 absit.
875 1679 959 1720 sed
994 1683 1258 1733 peccatum
1289 1683 1342 1719 ut
1369 1681 1618 1731 appareat
1644 1688 1748 1730 poc-

164 1751 378 1797 catum,
417 1759 518 1801 per
554 1745 767 1788 bonum
804 1744 948 1786 mihi
985 1749 1305 1799 operatum
1342 1748 1433 1784 est
1483 1749 1746 1787 mortem,

0 1797 5 1818 ¹
166 1818 227 1854 ut
277 1812 398 1854 fiat
446 1826 627 1866 super
674 1811 903 1854 modum
954 1823 1215 1865 pecca-ns
1265 1816 1585 1864 peccatum
1649 1820 1749 1862 per

164 1877 802 1920 111andatum.scimus
853 1876 1018 1922 enim.
1071 1876 1211 1931 quia
1263 1875 1356 1916 lox
1421 1872 1748 1929 spiritalis

0 1819 10 2018 i
92 1948 274 1993 mest:
318 1957 421 1997 ego
464 1949 662 1986 autem
706 1942 983 1985 carnalis
1026 1956 1146 1983 sum
1190 1941 1586 1983 uonundatus
1642 1938 1748 1980 sub

166 2014 436 2064 peccato.
481 2009 637 2064 quod
680 2009 832 2050 enim
876 2021 1106 2063 operor,
1151 2007 1383 2060 ignorm
1442 2019 1552 2047 non
1596 2005 1749 2046 enim

165 2075 321 2130 quod
363 2074 513 2125 uolo,
556 2075 662 2116 hoc
703 2088 821 2127 ago,
865 2074 963 2116 sed
1006 2073 1161 2128 quod
1203 2072 1313 2118 odi.
1365 2071 1523 2113 illud
1570 2070 1745 2112 facio.

12 2183 18 2186 ,
160 2140 206 2181 si
245 2145 443 2182 autem
482 2140 636 2195 quod
675 2140 826 2185 nolo.
864 2140 972 2181 hoc
1009 2138 1187 2187 facio,
1236 2137 1566 2179 consentio
1612 2135 1745 2186 legi,

160 2206 446 2261 quoniam
477 2206 640 2248 bona.
675 2220 827 2248 nunc
858 2210 1057 2248 autem
1090 2205 1199 2246 iam
1233 2218 1343 2246 non
1384 2217 1486 2254 ego
1530 2215 1748 2257 operor

1 2303 14 2335 i'

251 2374 272 2406 ι’)
295 2373 338 2407 cf.
362 2374 462 2408 Rom.
488 2374 518 2413 7,
541 2374 583 2408 25
675 2375 696 2405 (ἰ
721 2373 764 2407 cf.
792 2374 893 2408 Rom.
919 2374 952 2413 5,
973 2374 995 2408 5
1095 2371 1116 2406 8
1139 2373 1240 2407 Rom.
1264 2373 1295 2411 7,
1317 2372 1428 2406 6-725

254 2498 267 2531 1
285 2496 480 2542 quidquam
490 2497 548 2532 (20
555 2497 606 2532 Td
706 2498 727 2532 2
739 2497 881 2532 umbrat
893 2496 961 2531 illis
974 2497 1065 2532 Kml
1166 2495 1398 2531 sacramenti*
1407 2497 1435 2531 T
1535 2495 1557 2530 5
1571 2495 1746 2542 praeuari-

160 2554 300 2591 catione
310 2556 339 2591 G
441 2557 462 2591 6
481 2556 642 2591 funditur
655 2557 674 2591 b
786 2556 914 2592 caritas
928 2568 955 2592 s.
970 2567 1037 2593 raa.
1051 2556 1146 2597 SmJ,
1161 2568 1225 2591 om.
1244 2557 1294 2591 Pb
1401 2557 1442 2591 10
1460 2555 1607 2602 cognoui
1619 2560 1744 2600 (cogno

160 2626 187 2650 ε.
199 2626 267 2651 ras.
281 2615 352 2661 m3)
364 2616 392 2651 L
505 2618 580 2662 post
590 2615 740 2662 cognoui
750 2616 772 2651 4
782 2617 850 2660 lere
860 2616 926 2652 litt.
938 2627 1022 2652 eras.
1038 2616 1070 2651 P
1192 2617 1234 2652 12
1250 2619 1370 2651 autem
1383 2626 1447 2651 om.
1459 2616 1496 2650 εἰ)
1617 2617 1657 2649 14
1676 2614 1743 2659 οςϊ]

158 2675 294 2710 eratGa
405 2676 447 2711 17
463 2675 543 2711 uita
552 2675 752 2712 DmISPOb
865 2677 991 2712 esseto
1105 2680 1218 2711 morte
1232 2674 1428 2711 LmISPGb
1549 2675 1593 2709 20
1609 2675 1743 2709 factum

160 2737 214 2770 est
231 2734 319 2770 mihi
332 2735 386 2770 Td
476 2735 521 2770 22
537 2739 722 2782 operatum
740 2740 795 2771 est
812 2735 900 2771 mihi
914 2736 933 2770 b
1024 2737 1067 2772 23
1086 2735 1152 2771 fiat
1165 2736 1204 2779 (a
1219 2735 1260 2770 in
1274 2746 1341 2770 ras.
1359 2734 1432 2780 m2)
1446 2734 1474 2769 L
1576 2745 1682 2779 supra
1692 2733 1742 2767 Ob

161 2793 204 2829 26
217 2797 362 2840 peccata
375 2794 433 2831 SG
524 2794 565 2830 27
583 2795 664 2842 ago]
679 2794 769 2830 facio
785 2795 821 2831 K
893 2794 1024 2831 sed—l.
1036 2794 1081 2830 28
1094 2795 1185 2831 facio
1195 2796 1236 2831 in
1249 2807 1312 2842 my.
1329 2795 1422 2830 Km?
1511 2794 1553 2829 28
1564 2795 1630 2828 hoc
1646 2804 1711 2828 om.
1725 2793 1743 2826 b

161 2853 344 2889 consentia
356 2854 416 2891 80
506 2853 549 2890 29
560 2855 655 2891 bona
670 2855 765 2891 estc
770 2855 819 2890 Tb
910 2866 981 2890 non
997 2855 1069 2891 iam
1083 2856 1105 2890 d

1591 2925 1669 2962 212*
