<?xml version="1.0" encoding="UTF-8"?>
<!DOCTYPE html PUBLIC "-//W3C//DTD XHTML 1.0 Transitional//EN"
    "http://www.w3.org/TR/xhtml1/DTD/xhtml1-transitional.dtd">
<html xmlns="http://www.w3.org/1999/xhtml" xml:lang="en" lang="en">
 <head>
  <title>
</title>
<meta http-equiv="Content-Type" content="text/html;charset=utf-8" />
  <meta name='ocr-system' content='tesseract 3.04.00' />
  <meta name='ocr-capabilities' content='ocr_page ocr_carea ocr_par ocr_line ocrx_word'/>
</head>
<body>
  <div class='ocr_page' id='page_1' title='image "./corpusscriptorum60auguuoft_0631.png"; bbox 0 0 2028 3204; ppageno 0'>
   <div class='ocr_carea' id='block_1_1' title="bbox 658 175 1266 214">
    <p class='ocr_par' dir='ltr' id='par_1_1' title="bbox 658 175 1266 214">
     <span class='ocr_line' id='line_1_1' title="bbox 658 175 1266 214; baseline -0.003 0"><span class='ocrx_word' id='word_1_1' title='bbox 658 176 705 214; x_wconf 92' lang='lat'>11.</span> <span class='ocrx_word' id='word_1_2' title='bbox 732 175 845 214; x_wconf 83' lang='lat' dir='ltr'>Index</span> <span class='ocrx_word' id='word_1_3' title='bbox 866 176 1052 213; x_wconf 83' lang='lat' dir='ltr'><strong>nominum</strong></span> <span class='ocrx_word' id='word_1_4' title='bbox 1077 179 1115 212; x_wconf 83' lang='lat' dir='ltr'>et</span> <span class='ocrx_word' id='word_1_5' title='bbox 1139 185 1266 212; x_wconf 86' lang='lat' dir='ltr'>rerum.</span> 
     </span>
    </p>
   </div>
   <div class='ocr_carea' id='block_1_2' title="bbox 164 298 920 1363">
    <p class='ocr_par' dir='ltr' id='par_1_2' title="bbox 208 298 464 341">
     <span class='ocr_line' id='line_1_2' title="bbox 208 298 464 341; baseline 0 -7"><span class='ocrx_word' id='word_1_6' title='bbox 208 300 240 335; x_wconf 87' lang='grc'>9.</span> <span class='ocrx_word' id='word_1_7' title='bbox 269 298 303 334; x_wconf 89' lang='lat'>11</span> <span class='ocrx_word' id='word_1_8' title='bbox 332 299 407 341; x_wconf 95' lang='lat'>116,</span> <span class='ocrx_word' id='word_1_9' title='bbox 435 300 464 335; x_wconf 91' lang='lat'>1.</span> 
     </span>
    </p>

    <p class='ocr_par' dir='ltr' id='par_1_3' title="bbox 164 355 919 642">
     <span class='ocr_line' id='line_1_3' title="bbox 164 355 917 400; baseline -0.004 -5"><span class='ocrx_word' id='word_1_10' title='bbox 164 359 315 396; x_wconf 79' lang='lat' dir='ltr'>codices:</span> <span class='ocrx_word' id='word_1_11' title='bbox 334 358 438 394; x_wconf 84' lang='lat' dir='ltr'>latini</span> <span class='ocrx_word' id='word_1_12' title='bbox 457 357 472 393; x_wconf 94' lang='lat'>1</span> <span class='ocrx_word' id='word_1_13' title='bbox 492 360 545 400; x_wconf 87' lang='lat'>14,</span> <span class='ocrx_word' id='word_1_14' title='bbox 566 358 618 394; x_wconf 91' lang='lat'>16.</span> <span class='ocrx_word' id='word_1_15' title='bbox 637 358 692 400; x_wconf 85' lang='lat'>74,</span> <span class='ocrx_word' id='word_1_16' title='bbox 710 356 764 393; x_wconf 88' lang='lat'>22.</span> <span class='ocrx_word' id='word_1_17' title='bbox 786 355 821 391; x_wconf 90' lang='lat'>11</span> <span class='ocrx_word' id='word_1_18' title='bbox 838 357 917 397; x_wconf 88' lang='lat'>313,</span> 
     </span>
     <span class='ocr_line' id='line_1_4' title="bbox 207 417 916 465; baseline -0.003 -11"><span class='ocrx_word' id='word_1_19' title='bbox 207 421 240 455; x_wconf 88' lang='lat'>3.</span> <span class='ocrx_word' id='word_1_20' title='bbox 278 418 393 465; x_wconf 86' lang='lat' dir='ltr'>graeci</span> <span class='ocrx_word' id='word_1_21' title='bbox 421 418 435 453; x_wconf 88' lang='lat'>1</span> <span class='ocrx_word' id='word_1_22' title='bbox 462 420 515 460; x_wconf 90' lang='lat'>14,</span> <span class='ocrx_word' id='word_1_23' title='bbox 541 419 595 454; x_wconf 88' lang='grc'>23.</span> <span class='ocrx_word' id='word_1_24' title='bbox 620 418 676 459; x_wconf 94' lang='grc'>36,</span> <span class='ocrx_word' id='word_1_25' title='bbox 701 418 733 453; x_wconf 94' lang='lat'>7.</span> <span class='ocrx_word' id='word_1_26' title='bbox 758 417 837 459; x_wconf 95' lang='lat'>319,</span> <span class='ocrx_word' id='word_1_27' title='bbox 863 417 916 452; x_wconf 86' lang='lat'>19.</span> 
     </span>
     <span class='ocr_line' id='line_1_5' title="bbox 208 475 919 525; baseline -0.003 -11"><span class='ocrx_word' id='word_1_28' title='bbox 208 483 246 515; x_wconf 88' lang='lat' dir='ltr'>et</span> <span class='ocrx_word' id='word_1_29' title='bbox 269 478 383 525; x_wconf 86' lang='lat' dir='ltr'>graeci</span> <span class='ocrx_word' id='word_1_30' title='bbox 407 482 445 513; x_wconf 90' lang='lat' dir='ltr'>et</span> <span class='ocrx_word' id='word_1_31' title='bbox 468 477 573 513; x_wconf 89' lang='lat' dir='ltr'>latini</span> <span class='ocrx_word' id='word_1_32' title='bbox 599 476 634 512; x_wconf 93' lang='lat'>11</span> <span class='ocrx_word' id='word_1_33' title='bbox 661 477 737 520; x_wconf 87' lang='grc'>186,</span> <span class='ocrx_word' id='word_1_34' title='bbox 764 477 817 513; x_wconf 92' lang='grc'>16.</span> <span class='ocrx_word' id='word_1_35' title='bbox 862 475 919 511; x_wconf 90' lang='lat' dir='ltr'>lu-</span> 
     </span>
     <span class='ocr_line' id='line_1_6' title="bbox 208 536 918 580; baseline -0.004 -6"><span class='ocrx_word' id='word_1_36' title='bbox 208 540 376 575; x_wconf 90' lang='lat' dir='ltr'>daeorum</span> <span class='ocrx_word' id='word_1_37' title='bbox 401 537 414 573; x_wconf 96' lang='lat'>1</span> <span class='ocrx_word' id='word_1_38' title='bbox 434 539 512 580; x_wconf 88' lang='lat'>496,</span> <span class='ocrx_word' id='word_1_39' title='bbox 536 539 565 573; x_wconf 92' lang='lat'>1.</span> <span class='ocrx_word' id='word_1_40' title='bbox 598 537 789 573; x_wconf 85' lang='lat' dir='ltr'>mendosus</span> <span class='ocrx_word' id='word_1_41' title='bbox 807 536 918 572; x_wconf 86' lang='lat' dir='ltr'>codex</span> 
     </span>
     <span class='ocr_line' id='line_1_7' title="bbox 212 596 864 642; baseline -0.003 -8"><span class='ocrx_word' id='word_1_42' title='bbox 212 598 246 634; x_wconf 89' lang='lat'>11</span> <span class='ocrx_word' id='word_1_43' title='bbox 269 599 324 640; x_wconf 87' lang='lat'>64,</span> <span class='ocrx_word' id='word_1_44' title='bbox 347 599 380 640; x_wconf 89' lang='lat'>5,</span> <span class='ocrx_word' id='word_1_45' title='bbox 404 599 447 642; x_wconf 77' lang='lat' dir='ltr'>ct.</span> <span class='ocrx_word' id='word_1_46' title='bbox 474 597 488 633; x_wconf 95' lang='lat' dir='ltr'>I</span> <span class='ocrx_word' id='word_1_47' title='bbox 511 598 566 639; x_wconf 91' lang='lat'>72,</span> <span class='ocrx_word' id='word_1_48' title='bbox 590 598 621 633; x_wconf 87' lang='lat'>2.</span> <span class='ocrx_word' id='word_1_49' title='bbox 649 597 682 633; x_wconf 89' lang='lat'>11</span> <span class='ocrx_word' id='word_1_50' title='bbox 707 598 785 639; x_wconf 89' lang='lat'>512,</span> <span class='ocrx_word' id='word_1_51' title='bbox 810 596 864 632; x_wconf 88' lang='lat'>16.</span> 
     </span>
    </p>

    <p class='ocr_par' dir='ltr' id='par_1_4' title="bbox 164 656 918 759">
     <span class='ocr_line' id='line_1_8' title="bbox 164 656 918 701; baseline -0.004 -7"><span class='ocrx_word' id='word_1_52' title='bbox 164 658 306 701; x_wconf 77' lang='lat' dir='ltr'>collatio</span> <span class='ocrx_word' id='word_1_53' title='bbox 329 669 408 693; x_wconf 85' lang='lat' dir='ltr'>cum</span> <span class='ocrx_word' id='word_1_54' title='bbox 434 657 634 693; x_wconf 80' lang='lat' dir='ltr'>Donatistis</span> <span class='ocrx_word' id='word_1_55' title='bbox 659 657 694 692; x_wconf 93' lang='grc' dir='ltr'>ΙΙ</span> <span class='ocrx_word' id='word_1_56' title='bbox 717 657 773 700; x_wconf 87' lang='grc'>80,</span> <span class='ocrx_word' id='word_1_57' title='bbox 799 657 850 698; x_wconf 83' lang='grc'>19,</span> <span class='ocrx_word' id='word_1_58' title='bbox 875 656 918 699; x_wconf 82' lang='lat' dir='ltr'>cl.</span> 
     </span>
     <span class='ocr_line' id='line_1_9' title="bbox 213 718 431 759; baseline 0 -6"><span class='ocrx_word' id='word_1_59' title='bbox 213 718 247 753; x_wconf 87' lang='lat'>11</span> <span class='ocrx_word' id='word_1_60' title='bbox 275 719 351 759; x_wconf 91' lang='lat'>100,</span> <span class='ocrx_word' id='word_1_61' title='bbox 380 719 431 753; x_wconf 90' lang='lat'>18.</span> 
     </span>
    </p>

    <p class='ocr_par' dir='ltr' id='par_1_5' title="bbox 165 776 920 1059">
     <span class='ocr_line' id='line_1_10' title="bbox 165 776 919 823; baseline -0.003 -10"><span class='ocrx_word' id='word_1_62' title='bbox 165 776 587 823; x_wconf 75' lang='lat' dir='ltr'>conciliumzcollegarum</span> <span class='ocrx_word' id='word_1_63' title='bbox 603 776 707 817; x_wconf 87' lang='lat'>1548,</span> <span class='ocrx_word' id='word_1_64' title='bbox 719 777 773 812; x_wconf 91' lang='lat'>21.</span> <span class='ocrx_word' id='word_1_65' title='bbox 799 776 919 811; x_wconf 85' lang='lat' dir='ltr'>catho-</span> 
     </span>
     <span class='ocr_line' id='line_1_11' title="bbox 208 836 920 883; baseline -0.003 -10"><span class='ocrx_word' id='word_1_66' title='bbox 208 838 354 873; x_wconf 88' lang='lat' dir='ltr'>licorum</span> <span class='ocrx_word' id='word_1_67' title='bbox 385 837 400 872; x_wconf 90' lang='grc' dir='ltr'>Ι</span> <span class='ocrx_word' id='word_1_68' title='bbox 428 838 506 879; x_wconf 94' lang='grc'>351,</span> <span class='ocrx_word' id='word_1_69' title='bbox 535 838 588 872; x_wconf 93' lang='grc'>20.</span> <span class='ocrx_word' id='word_1_70' title='bbox 631 836 920 883; x_wconf 76' lang='lat' dir='ltr'>Carthaginiense</span> 
     </span>
     <span class='ocr_line' id='line_1_12' title="bbox 210 896 920 937; baseline -0.003 -4"><span class='ocrx_word' id='word_1_71' title='bbox 210 902 247 934; x_wconf 89' lang='lat' dir='ltr'>et</span> <span class='ocrx_word' id='word_1_72' title='bbox 265 897 511 933; x_wconf 80' lang='lat' dir='ltr'>Mileuita-num</span> <span class='ocrx_word' id='word_1_73' title='bbox 535 896 548 931; x_wconf 92' lang='lat'>1</span> <span class='ocrx_word' id='word_1_74' title='bbox 567 897 646 937; x_wconf 80' lang='lat'>467,</span> <span class='ocrx_word' id='word_1_75' title='bbox 664 898 696 931; x_wconf 89' lang='lat'>6.</span> <span class='ocrx_word' id='word_1_76' title='bbox 717 898 735 931; x_wconf 91' lang='lat'>7</span> <span class='ocrx_word' id='word_1_77' title='bbox 779 896 920 932; x_wconf 76' lang='lat' dir='ltr'>Africae</span> 
     </span>
     <span class='ocr_line' id='line_1_13' title="bbox 211 956 918 998; baseline -0.003 -5"><span class='ocrx_word' id='word_1_78' title='bbox 211 957 396 993; x_wconf 86' lang='lat' dir='ltr'>uniuersae</span> <span class='ocrx_word' id='word_1_79' title='bbox 412 957 514 998; x_wconf 90' lang='lat'>1554,</span> <span class='ocrx_word' id='word_1_80' title='bbox 531 959 560 992; x_wconf 94' lang='lat'>1.</span> <span class='ocrx_word' id='word_1_81' title='bbox 588 956 727 992; x_wconf 85' lang='lat' dir='ltr'>concilii</span> <span class='ocrx_word' id='word_1_82' title='bbox 738 957 918 992; x_wconf 90' lang='lat' dir='ltr'>decretum</span> 
     </span>
     <span class='ocr_line' id='line_1_14' title="bbox 219 1017 413 1059; baseline 0 -6"><span class='ocrx_word' id='word_1_83' title='bbox 219 1017 230 1052; x_wconf 90' lang='lat'>1</span> <span class='ocrx_word' id='word_1_84' title='bbox 259 1019 334 1059; x_wconf 87' lang='grc'>137,</span> <span class='ocrx_word' id='word_1_85' title='bbox 362 1019 413 1053; x_wconf 93' lang='grc'>11.</span> 
     </span>
    </p>

    <p class='ocr_par' dir='ltr' id='par_1_6' title="bbox 165 1076 920 1363">
     <span class='ocr_line' id='line_1_15' title="bbox 165 1076 918 1123; baseline -0.001 -11"><span class='ocrx_word' id='word_1_86' title='bbox 165 1076 466 1123; x_wconf 87' lang='lat' dir='ltr'>concupiscentia:</span> <span class='ocrx_word' id='word_1_87' title='bbox 486 1086 582 1111; x_wconf 91' lang='lat' dir='ltr'>conc.</span> <span class='ocrx_word' id='word_1_88' title='bbox 602 1076 717 1111; x_wconf 91' lang='lat' dir='ltr'>carnis</span> <span class='ocrx_word' id='word_1_89' title='bbox 734 1080 918 1122; x_wconf 82' lang='lat' dir='ltr'>tamquam</span> 
     </span>
     <span class='ocr_line' id='line_1_16' title="bbox 210 1135 919 1183; baseline -0.003 -11"><span class='ocrx_word' id='word_1_90' title='bbox 210 1137 287 1172; x_wconf 81' lang='lat' dir='ltr'>iilia</span> <span class='ocrx_word' id='word_1_91' title='bbox 319 1137 456 1183; x_wconf 86' lang='lat' dir='ltr'>peccati</span> <span class='ocrx_word' id='word_1_92' title='bbox 482 1141 706 1182; x_wconf 87' lang='lat' dir='ltr'>peccatorum</span> <span class='ocrx_word' id='word_1_93' title='bbox 733 1140 847 1171; x_wconf 89' lang='lat' dir='ltr'>mater</span> <span class='ocrx_word' id='word_1_94' title='bbox 884 1135 919 1170; x_wconf 92' lang='grc'>11</span> 
     </span>
     <span class='ocr_line' id='line_1_17' title="bbox 210 1195 920 1243; baseline -0.003 -11"><span class='ocrx_word' id='word_1_95' title='bbox 210 1198 287 1238; x_wconf 88' lang='grc'>240,</span> <span class='ocrx_word' id='word_1_96' title='bbox 312 1197 344 1232; x_wconf 89' lang='grc'>5.</span> <span class='ocrx_word' id='word_1_97' title='bbox 382 1195 472 1231; x_wconf 86' lang='lat' dir='ltr'>nihil</span> <span class='ocrx_word' id='word_1_98' title='bbox 495 1200 550 1232; x_wconf 88' lang='lat' dir='ltr'>est</span> <span class='ocrx_word' id='word_1_99' title='bbox 573 1196 670 1232; x_wconf 89' lang='lat' dir='ltr'>aliud</span> <span class='ocrx_word' id='word_1_100' title='bbox 697 1207 803 1243; x_wconf 87' lang='lat' dir='ltr'>quam</span> <span class='ocrx_word' id='word_1_101' title='bbox 830 1195 920 1231; x_wconf 89' lang='lat' dir='ltr'>desi-</span> 
     </span>
     <span class='ocr_line' id='line_1_18' title="bbox 210 1256 918 1303; baseline -0.001 -11"><span class='ocrx_word' id='word_1_102' title='bbox 210 1257 346 1293; x_wconf 88' lang='lat' dir='ltr'>derium</span> <span class='ocrx_word' id='word_1_103' title='bbox 365 1257 501 1303; x_wconf 86' lang='lat' dir='ltr'>peccati</span> <span class='ocrx_word' id='word_1_104' title='bbox 523 1256 556 1291; x_wconf 92' lang='grc' dir='ltr'>ΙΙ</span> <span class='ocrx_word' id='word_1_105' title='bbox 578 1259 630 1298; x_wconf 95' lang='grc'>11,</span> <span class='ocrx_word' id='word_1_106' title='bbox 649 1258 702 1292; x_wconf 91' lang='lat'>21.</span> <span class='ocrx_word' id='word_1_107' title='bbox 734 1260 918 1302; x_wconf 81' lang='lat' dir='ltr'><strong>tamquam</strong></span> 
     </span>
     <span class='ocr_line' id='line_1_19' title="bbox 211 1316 918 1363; baseline -0.003 -11"><span class='ocrx_word' id='word_1_108' title='bbox 211 1316 266 1352; x_wconf 86' lang='lat' dir='ltr'>lex</span> <span class='ocrx_word' id='word_1_109' title='bbox 283 1317 420 1363; x_wconf 90' lang='lat' dir='ltr'>peccati</span> <span class='ocrx_word' id='word_1_110' title='bbox 437 1327 584 1352; x_wconf 88' lang='lat' dir='ltr'>manens</span> <span class='ocrx_word' id='word_1_111' title='bbox 600 1316 637 1351; x_wconf 91' lang='lat' dir='ltr'>in</span> <span class='ocrx_word' id='word_1_112' title='bbox 654 1316 822 1352; x_wconf 84' lang='lat' dir='ltr'>membris</span> <span class='ocrx_word' id='word_1_113' title='bbox 839 1327 918 1351; x_wconf 92' lang='lat' dir='ltr'>cum</span> 
     </span>
    </p>
   </div>
   <div class='ocr_carea' id='block_1_3' title="bbox 211 1376 957 1423">
    <p class='ocr_par' dir='ltr' id='par_1_7' title="bbox 211 1376 957 1423">
     <span class='ocr_line' id='line_1_20' title="bbox 211 1376 957 1423; baseline -0.004 -11"><span class='ocrx_word' id='word_1_114' title='bbox 211 1377 368 1423; x_wconf 87' lang='lat' dir='ltr'>paruulis</span> <span class='ocrx_word' id='word_1_115' title='bbox 381 1376 538 1412; x_wconf 84' lang='lat' dir='ltr'>nascitur</span> <span class='ocrx_word' id='word_1_116' title='bbox 555 1377 569 1411; x_wconf 92' lang='lat'>1</span> <span class='ocrx_word' id='word_1_117' title='bbox 585 1378 639 1419; x_wconf 89' lang='lat'>73,</span> <span class='ocrx_word' id='word_1_118' title='bbox 655 1377 708 1413; x_wconf 91' lang='grc'>15.</span> <span class='ocrx_word' id='word_1_119' title='bbox 734 1377 772 1411; x_wconf 91' lang='lat' dir='ltr'>in</span> <span class='ocrx_word' id='word_1_120' title='bbox 785 1376 920 1422; x_wconf 87' lang='lat' dir='ltr'>baptis·</span> <span class='ocrx_word' id='word_1_121' title='bbox 955 1388 957 1417; x_wconf 63' lang='grc' dir='ltr'>ς</span> 
     </span>
    </p>
   </div>
   <div class='ocr_carea' id='block_1_4' title="bbox 210 1436 921 1483">
    <p class='ocr_par' dir='ltr' id='par_1_8' title="bbox 210 1436 921 1483">
     <span class='ocr_line' id='line_1_21' title="bbox 210 1436 921 1483; baseline -0.003 -11"><span class='ocrx_word' id='word_1_122' title='bbox 210 1448 268 1472; x_wconf 92' lang='lat' dir='ltr'>mo</span> <span class='ocrx_word' id='word_1_123' title='bbox 311 1437 366 1472; x_wconf 89' lang='lat' dir='ltr'>-sic</span> <span class='ocrx_word' id='word_1_124' title='bbox 411 1436 621 1479; x_wconf 84' lang='lat' dir='ltr'>dimittitur,</span> <span class='ocrx_word' id='word_1_125' title='bbox 668 1440 710 1472; x_wconf 91' lang='lat' dir='ltr'>ut</span> <span class='ocrx_word' id='word_1_126' title='bbox 757 1436 921 1483; x_wconf 88' lang='lat' dir='ltr'>quamuis</span> 
     </span>
    </p>
   </div>
   <div class='ocr_carea' id='block_1_5' title="bbox 211 1481 957 1672">
    <p class='ocr_par' dir='ltr' id='par_1_9' title="bbox 211 1481 957 1672">
     <span class='ocr_line' id='line_1_22' title="bbox 211 1481 957 1532; baseline -0.001 -1"><span class='ocrx_word' id='word_1_127' title='bbox 211 1500 327 1532; x_wconf 84' lang='lat' dir='ltr'>tracta</span> <span class='ocrx_word' id='word_1_128' title='bbox 359 1507 381 1531; x_wconf 89' lang='lat' dir='ltr'>a</span> <span class='ocrx_word' id='word_1_129' title='bbox 414 1496 641 1532; x_wconf 90' lang='lat' dir='ltr'>nascentibus</span> <span class='ocrx_word' id='word_1_130' title='bbox 673 1496 762 1532; x_wconf 89' lang='lat' dir='ltr'>nihil</span> <span class='ocrx_word' id='word_1_131' title='bbox 793 1500 921 1532; x_wconf 91' lang='lat' dir='ltr'>noceat</span> <span class='ocrx_word' id='word_1_132' title='bbox 955 1481 957 1529; x_wconf 43' lang='grc' dir='ltr'><em>ζ</em></span> 
     </span>
     <span class='ocr_line' id='line_1_23' title="bbox 212 1556 957 1598; baseline 0 -7"><span class='ocrx_word' id='word_1_133' title='bbox 212 1556 476 1592; x_wconf 79' lang='lat' dir='ltr'>renascentibus</span> <span class='ocrx_word' id='word_1_134' title='bbox 494 1556 508 1592; x_wconf 97' lang='lat' dir='ltr'>I</span> <span class='ocrx_word' id='word_1_135' title='bbox 523 1557 601 1598; x_wconf 90' lang='grc'>445,</span> <span class='ocrx_word' id='word_1_136' title='bbox 616 1557 671 1592; x_wconf 88' lang='grc'>25.</span> <span class='ocrx_word' id='word_1_137' title='bbox 699 1561 920 1592; x_wconf 90' lang='lat' dir='ltr'>sacramento</span> <span class='ocrx_word' id='word_1_138' title='bbox 955 1569 957 1579; x_wconf 63' lang='lat'><strong><em>¹</em></strong></span> 
     </span>
     <span class='ocr_line' id='line_1_24' title="bbox 212 1616 957 1672; baseline 0.001 -21"><span class='ocrx_word' id='word_1_139' title='bbox 212 1616 486 1663; x_wconf 87' lang='lat' dir='ltr'>regenerationis</span> <span class='ocrx_word' id='word_1_140' title='bbox 508 1617 674 1663; x_wconf 80' lang='lat' dir='ltr'>expiatur</span> <span class='ocrx_word' id='word_1_141' title='bbox 699 1616 734 1652; x_wconf 94' lang='lat'>11</span> <span class='ocrx_word' id='word_1_142' title='bbox 758 1617 833 1658; x_wconf 88' lang='lat'>237,</span> <span class='ocrx_word' id='word_1_143' title='bbox 860 1617 919 1656; x_wconf 86' lang='grc'>21;</span> <span class='ocrx_word' id='word_1_144' title='bbox 956 1650 957 1672; x_wconf 35' lang='lat'>3</span> 
     </span>
    </p>
   </div>
   <div class='ocr_carea' id='block_1_6' title="bbox 211 1676 498 1720">
    <p class='ocr_par' dir='ltr' id='par_1_10' title="bbox 211 1676 498 1720">
     <span class='ocr_line' id='line_1_25' title="bbox 211 1676 498 1720; baseline 0.003 -9"><span class='ocrx_word' id='word_1_145' title='bbox 211 1678 255 1720; x_wconf 74' lang='lat' dir='ltr'>cs.</span> <span class='ocrx_word' id='word_1_146' title='bbox 282 1676 317 1711; x_wconf 91' lang='lat'>11</span> <span class='ocrx_word' id='word_1_147' title='bbox 342 1676 418 1718; x_wconf 77' lang='lat'>275,</span> <span class='ocrx_word' id='word_1_148' title='bbox 445 1678 498 1712; x_wconf 83' lang='lat'>17.</span> 
     </span>
    </p>
   </div>
   <div class='ocr_carea' id='block_1_7' title="bbox 166 1736 958 1843">
    <p class='ocr_par' dir='ltr' id='par_1_11' title="bbox 166 1730 958 1843">
     <span class='ocr_line' id='line_1_26' title="bbox 166 1736 921 1783; baseline -0.001 -12"><span class='ocrx_word' id='word_1_149' title='bbox 166 1736 415 1772; x_wconf 86' lang='lat' dir='ltr'>condemnatio</span> <span class='ocrx_word' id='word_1_150' title='bbox 435 1736 577 1782; x_wconf 89' lang='lat' dir='ltr'>grauior</span> <span class='ocrx_word' id='word_1_151' title='bbox 595 1747 716 1772; x_wconf 91' lang='lat' dir='ltr'>eorum</span> <span class='ocrx_word' id='word_1_152' title='bbox 737 1736 799 1783; x_wconf 90' lang='lat' dir='ltr'>qui</span> <span class='ocrx_word' id='word_1_153' title='bbox 817 1736 921 1782; x_wconf 90' lang='lat' dir='ltr'>origi·</span> 
     </span>
     <span class='ocr_line' id='line_1_27' title="bbox 211 1796 958 1843; baseline -0.001 -12"><span class='ocrx_word' id='word_1_154' title='bbox 211 1796 283 1831; x_wconf 87' lang='lat' dir='ltr'>nali</span> <span class='ocrx_word' id='word_1_155' title='bbox 307 1799 452 1842; x_wconf 87' lang='lat' dir='ltr'>peccato</span> <span class='ocrx_word' id='word_1_156' title='bbox 475 1796 585 1831; x_wconf 91' lang='lat' dir='ltr'>etiam</span> <span class='ocrx_word' id='word_1_157' title='bbox 610 1797 753 1843; x_wconf 88' lang='lat' dir='ltr'>propria</span> <span class='ocrx_word' id='word_1_158' title='bbox 776 1796 921 1832; x_wconf 89' lang='lat' dir='ltr'>coniun-</span> <span class='ocrx_word' id='word_1_159' title='bbox 957 1796 958 1818; x_wconf 70' lang='lat'>³</span> 
     </span>
    </p>
   </div>
   <div class='ocr_carea' id='block_1_8' title="bbox 168 1857 1755 1962">
    <p class='ocr_par' dir='ltr' id='par_1_12' title="bbox 168 1857 1755 1962">
     <span class='ocr_line' id='line_1_28' title="bbox 995 1857 1755 1903; baseline -0.001 -11.048"><span class='ocrx_word' id='word_1_160' title='bbox 995 1857 1146 1892; x_wconf 87' lang='lat' dir='ltr'>Danihel</span> <span class='ocrx_word' id='word_1_161' title='bbox 1172 1858 1208 1892; x_wconf 91' lang='lat' dir='ltr'>in</span> <span class='ocrx_word' id='word_1_162' title='bbox 1234 1858 1394 1893; x_wconf 88' lang='lat' dir='ltr'>oratione</span> <span class='ocrx_word' id='word_1_163' title='bbox 1419 1859 1485 1893; x_wconf 89' lang='lat' dir='ltr'>deo</span> <span class='ocrx_word' id='word_1_164' title='bbox 1511 1858 1589 1892; x_wconf 82' lang='lat' dir='ltr'>fusa</span> <span class='ocrx_word' id='word_1_165' title='bbox 1615 1862 1755 1903; x_wconf 82' lang='lat' dir='ltr'>praeter</span> 
     </span>
     <span class='ocr_line' id='line_1_29' title="bbox 168 1911 959 1962; baseline 0.001 -12"><span class='ocrx_word' id='word_1_166' title='bbox 168 1915 362 1961; x_wconf 88' lang='lat' dir='ltr'>coniugale,</span> <span class='ocrx_word' id='word_1_167' title='bbox 378 1916 474 1962; x_wconf 91' lang='lat' dir='ltr'>quod</span> <span class='ocrx_word' id='word_1_168' title='bbox 490 1926 554 1951; x_wconf 89' lang='lat' dir='ltr'>nec</span> <span class='ocrx_word' id='word_1_169' title='bbox 569 1915 746 1961; x_wconf 85' lang='lat' dir='ltr'>separatio</span> <span class='ocrx_word' id='word_1_170' title='bbox 762 1926 826 1951; x_wconf 88' lang='lat' dir='ltr'>nec</span> <span class='ocrx_word' id='word_1_171' title='bbox 841 1927 920 1951; x_wconf 91' lang='lat' dir='ltr'>cum</span> <span class='ocrx_word' id='word_1_172' title='bbox 957 1911 959 1931; x_wconf 79' lang='lat'><em>⁵</em></span> 
     </span>
    </p>
   </div>
   <div class='ocr_carea' id='block_1_9' title="bbox 216 1856 523 1898">
    <p class='ocr_par' dir='ltr' id='par_1_13' title="bbox 216 1856 523 1898">
     <span class='ocr_line' id='line_1_30' title="bbox 216 1856 523 1898; baseline 0 -7"><span class='ocrx_word' id='word_1_173' title='bbox 216 1859 347 1891; x_wconf 84' lang='lat' dir='ltr'>xerunt</span> <span class='ocrx_word' id='word_1_174' title='bbox 373 1856 386 1891; x_wconf 91' lang='lat'>1</span> <span class='ocrx_word' id='word_1_175' title='bbox 413 1857 467 1898; x_wconf 91' lang='lat'>16,</span> <span class='ocrx_word' id='word_1_176' title='bbox 491 1857 523 1891; x_wconf 89' lang='lat'>8.</span> 
     </span>
    </p>
   </div>
   <div class='ocr_carea' id='block_1_10' title="bbox 169 1975 923 2320">
    <p class='ocr_par' dir='ltr' id='par_1_14' title="bbox 169 1975 923 2320">
     <span class='ocr_line' id='line_1_31' title="bbox 213 1975 912 2022; baseline 0 -12"><span class='ocrx_word' id='word_1_177' title='bbox 213 1975 324 2010; x_wconf 86' lang='lat' dir='ltr'>altero</span> <span class='ocrx_word' id='word_1_178' title='bbox 335 1975 516 2022; x_wconf 83' lang='lat' dir='ltr'>copulatio</span> <span class='ocrx_word' id='word_1_179' title='bbox 526 1975 639 2021; x_wconf 87' lang='lat' dir='ltr'>possit</span> <span class='ocrx_word' id='word_1_180' title='bbox 649 1975 786 2011; x_wconf 80' lang='lat' dir='ltr'>auferre</span> <span class='ocrx_word' id='word_1_181' title='bbox 800 1975 835 2011; x_wconf 92' lang='lat'>11</span> <span class='ocrx_word' id='word_1_182' title='bbox 847 1976 912 2011; x_wconf 87' lang='lat'>223</span> 
     </span>
     <span class='ocr_line' id='line_1_32' title="bbox 217 2035 272 2070; baseline 0 0"><span class='ocrx_word' id='word_1_183' title='bbox 217 2035 272 2070; x_wconf 93' lang='lat'>21.</span> 
     </span>
     <span class='ocr_line' id='line_1_33' title="bbox 170 2094 921 2140; baseline 0.001 -11"><span class='ocrx_word' id='word_1_184' title='bbox 170 2094 400 2130; x_wconf 84' lang='lat' dir='ltr'>Constantius</span> <span class='ocrx_word' id='word_1_185' title='bbox 425 2094 611 2140; x_wconf 87' lang='lat' dir='ltr'>episcopus</span> <span class='ocrx_word' id='word_1_186' title='bbox 639 2094 675 2129; x_wconf 94' lang='grc' dir='ltr'>ΙΙ</span> <span class='ocrx_word' id='word_1_187' title='bbox 704 2095 779 2136; x_wconf 89' lang='grc'>154,</span> <span class='ocrx_word' id='word_1_188' title='bbox 808 2095 839 2130; x_wconf 90' lang='grc'>2.</span> <span class='ocrx_word' id='word_1_189' title='bbox 868 2095 921 2130; x_wconf 90' lang='lat'>23.</span> 
     </span>
     <span class='ocr_line' id='line_1_34' title="bbox 169 2154 922 2200; baseline 0.001 -12"><span class='ocrx_word' id='word_1_190' title='bbox 169 2154 472 2190; x_wconf 83' lang='lat' dir='ltr'>constellationes:</span> <span class='ocrx_word' id='word_1_191' title='bbox 499 2154 614 2189; x_wconf 83' lang='lat' dir='ltr'>fatum</span> <span class='ocrx_word' id='word_1_192' title='bbox 642 2154 703 2200; x_wconf 90' lang='lat' dir='ltr'>qui</span> <span class='ocrx_word' id='word_1_193' title='bbox 727 2154 922 2190; x_wconf 81' lang='lat' dir='ltr'>adfirmant</span> 
     </span>
     <span class='ocr_line' id='line_1_35' title="bbox 214 2214 923 2261; baseline 0 -12"><span class='ocrx_word' id='word_1_194' title='bbox 214 2214 257 2249; x_wconf 90' lang='lat' dir='ltr'>de</span> <span class='ocrx_word' id='word_1_195' title='bbox 271 2214 426 2250; x_wconf 88' lang='lat' dir='ltr'>siderum</span> <span class='ocrx_word' id='word_1_196' title='bbox 442 2214 620 2261; x_wconf 88' lang='lat' dir='ltr'>positione</span> <span class='ocrx_word' id='word_1_197' title='bbox 635 2215 680 2250; x_wconf 91' lang='lat' dir='ltr'>ad</span> <span class='ocrx_word' id='word_1_198' title='bbox 696 2217 838 2260; x_wconf 85' lang='lat' dir='ltr'>tempus</span> <span class='ocrx_word' id='word_1_199' title='bbox 853 2226 923 2260; x_wconf 90' lang='lat' dir='ltr'>quo</span> 
     </span>
     <span class='ocr_line' id='line_1_36' title="bbox 215 2273 923 2320; baseline 0.001 -12"><span class='ocrx_word' id='word_1_200' title='bbox 215 2274 414 2320; x_wconf 89' lang='lat' dir='ltr'>concipitur</span> <span class='ocrx_word' id='word_1_201' title='bbox 459 2274 608 2320; x_wconf 90' lang='lat' dir='ltr'>quisque</span> <span class='ocrx_word' id='word_1_202' title='bbox 654 2275 709 2309; x_wconf 91' lang='lat' dir='ltr'>uel</span> <span class='ocrx_word' id='word_1_203' title='bbox 754 2273 923 2315; x_wconf 91' lang='lat' dir='ltr'>nascitur,</span> 
     </span>
    </p>
   </div>
   <div class='ocr_carea' id='block_1_11' title="bbox 214 2334 922 2429">
    <p class='ocr_par' dir='ltr' id='par_1_15' title="bbox 214 2334 922 2429">
     <span class='ocr_line' id='line_1_37' title="bbox 214 2334 922 2379; baseline 0.001 -11"><span class='ocrx_word' id='word_1_204' title='bbox 214 2344 303 2379; x_wconf 86' lang='lat' dir='ltr'>quas</span> <span class='ocrx_word' id='word_1_205' title='bbox 329 2334 616 2370; x_wconf 82' lang='lat' dir='ltr'>constellationes</span> <span class='ocrx_word' id='word_1_206' title='bbox 642 2338 775 2370; x_wconf 87' lang='lat' dir='ltr'>uocant</span> <span class='ocrx_word' id='word_1_207' title='bbox 804 2334 819 2369; x_wconf 91' lang='lat'>1</span> <span class='ocrx_word' id='word_1_208' title='bbox 845 2335 922 2375; x_wconf 88' lang='lat'>472,</span> 
     </span>
     <span class='ocr_line' id='line_1_38' title="bbox 221 2394 276 2429; baseline 0.018 -1"><span class='ocrx_word' id='word_1_209' title='bbox 221 2394 276 2429; x_wconf 86' lang='lat'>19.</span> 
     </span>
    </p>
   </div>
   <div class='ocr_carea' id='block_1_12' title="bbox 171 2452 961 2559">
    <p class='ocr_par' dir='ltr' id='par_1_16' title="bbox 171 2452 961 2559">
     <span class='ocr_line' id='line_1_39' title="bbox 171 2452 960 2504; baseline 0.003 -17"><span class='ocrx_word' id='word_1_210' title='bbox 171 2462 296 2499; x_wconf 88' lang='lat' dir='ltr'>corpus</span> <span class='ocrx_word' id='word_1_211' title='bbox 314 2452 402 2498; x_wconf 91' lang='lat' dir='ltr'>quid</span> <span class='ocrx_word' id='word_1_212' title='bbox 421 2452 619 2489; x_wconf 75' lang='lat' dir='ltr'>definiatur</span> <span class='ocrx_word' id='word_1_213' title='bbox 639 2453 654 2489; x_wconf 95' lang='lat' dir='ltr'>I</span> <span class='ocrx_word' id='word_1_214' title='bbox 674 2454 752 2495; x_wconf 87' lang='lat'>396,</span> <span class='ocrx_word' id='word_1_215' title='bbox 771 2454 825 2489; x_wconf 91' lang='lat'>21.</span> <span class='ocrx_word' id='word_1_216' title='bbox 845 2455 922 2495; x_wconf 85' lang='lat'>413,</span> <span class='ocrx_word' id='word_1_217' title='bbox 958 2493 960 2504; x_wconf 42' lang='grc' dir='ltr'>Ι</span> 
     </span>
     <span class='ocr_line' id='line_1_40' title="bbox 216 2509 961 2559; baseline 0.001 -11"><span class='ocrx_word' id='word_1_218' title='bbox 216 2512 270 2548; x_wconf 93' lang='grc'>20.</span> <span class='ocrx_word' id='word_1_219' title='bbox 311 2523 437 2559; x_wconf 84' lang='lat' dir='ltr'>corpus</span> <span class='ocrx_word' id='word_1_220' title='bbox 465 2513 580 2548; x_wconf 87' lang='lat' dir='ltr'>carnis</span> <span class='ocrx_word' id='word_1_221' title='bbox 607 2513 696 2549; x_wconf 92' lang='lat' dir='ltr'>nihil</span> <span class='ocrx_word' id='word_1_222' title='bbox 723 2513 822 2549; x_wconf 85' lang='lat' dir='ltr'>aliud</span> <span class='ocrx_word' id='word_1_223' title='bbox 849 2524 923 2549; x_wconf 88' lang='lat' dir='ltr'>esse</span> <span class='ocrx_word' id='word_1_224' title='bbox 959 2509 961 2542; x_wconf 63' lang='lat' dir='ltr'>k</span> 
     </span>
    </p>
   </div>
   <div class='ocr_carea' id='block_1_13' title="bbox 172 2572 926 2858">
    <p class='ocr_par' dir='ltr' id='par_1_17' title="bbox 219 2572 719 2618">
     <span class='ocr_line' id='line_1_41' title="bbox 219 2572 719 2618; baseline 0.002 -11"><span class='ocrx_word' id='word_1_225' title='bbox 219 2582 326 2618; x_wconf 81' lang='lat' dir='ltr'>quarn</span> <span class='ocrx_word' id='word_1_226' title='bbox 352 2582 491 2608; x_wconf 87' lang='lat' dir='ltr'>carnem</span> <span class='ocrx_word' id='word_1_227' title='bbox 520 2572 536 2608; x_wconf 97' lang='lat' dir='ltr'>I</span> <span class='ocrx_word' id='word_1_228' title='bbox 561 2575 638 2615; x_wconf 88' lang='grc'>414,</span> <span class='ocrx_word' id='word_1_229' title='bbox 664 2573 719 2609; x_wconf 91' lang='grc'>18.</span> 
     </span>
    </p>

    <p class='ocr_par' dir='ltr' id='par_1_18' title="bbox 172 2631 926 2858">
     <span class='ocr_line' id='line_1_42' title="bbox 172 2631 926 2669; baseline 0 -2"><span class='ocrx_word' id='word_1_230' title='bbox 172 2631 291 2668; x_wconf 86' lang='lat' dir='ltr'>credo:</span> <span class='ocrx_word' id='word_1_231' title='bbox 325 2631 416 2668; x_wconf 90' lang='lat' dir='ltr'>nihil</span> <span class='ocrx_word' id='word_1_232' title='bbox 447 2632 546 2669; x_wconf 90' lang='lat' dir='ltr'>aliud</span> <span class='ocrx_word' id='word_1_233' title='bbox 578 2643 653 2669; x_wconf 91' lang='lat' dir='ltr'>esse</span> <span class='ocrx_word' id='word_1_234' title='bbox 686 2633 824 2669; x_wconf 90' lang='lat' dir='ltr'>credere</span> <span class='ocrx_word' id='word_1_235' title='bbox 856 2633 926 2668; x_wconf 84' lang='lat' dir='ltr'>nisi</span> 
     </span>
     <span class='ocr_line' id='line_1_43' title="bbox 217 2691 926 2739; baseline 0.001 -12"><span class='ocrx_word' id='word_1_236' title='bbox 217 2691 414 2728; x_wconf 85' lang='lat' dir='ltr'>consentire</span> <span class='ocrx_word' id='word_1_237' title='bbox 436 2703 558 2728; x_wconf 90' lang='lat' dir='ltr'>uerum</span> <span class='ocrx_word' id='word_1_238' title='bbox 580 2703 655 2729; x_wconf 88' lang='lat' dir='ltr'>esse</span> <span class='ocrx_word' id='word_1_239' title='bbox 677 2693 772 2739; x_wconf 92' lang='lat' dir='ltr'>quod</span> <span class='ocrx_word' id='word_1_240' title='bbox 794 2692 926 2729; x_wconf 89' lang='lat' dir='ltr'>dicitur</span> 
     </span>
     <span class='ocr_line' id='line_1_44' title="bbox 219 2749 926 2794; baseline 0.003 -7"><span class='ocrx_word' id='word_1_241' title='bbox 219 2749 235 2786; x_wconf 92' lang='lat'>1</span> <span class='ocrx_word' id='word_1_242' title='bbox 262 2752 340 2794; x_wconf 90' lang='grc'>211,</span> <span class='ocrx_word' id='word_1_243' title='bbox 369 2753 422 2788; x_wconf 85' lang='grc'>14.</span> <span class='ocrx_word' id='word_1_244' title='bbox 463 2752 601 2789; x_wconf 88' lang='lat' dir='ltr'>credere</span> <span class='ocrx_word' id='word_1_245' title='bbox 627 2763 702 2789; x_wconf 85' lang='lat' dir='ltr'>esse</span> <span class='ocrx_word' id='word_1_246' title='bbox 726 2752 926 2790; x_wconf 81' lang='lat' dir='ltr'>infantibus</span> 
     </span>
     <span class='ocr_line' id='line_1_45' title="bbox 217 2809 572 2858; baseline 0.011 -12"><span class='ocrx_word' id='word_1_247' title='bbox 217 2809 394 2858; x_wconf 81' lang='lat' dir='ltr'>baptizari</span> <span class='ocrx_word' id='word_1_248' title='bbox 419 2811 435 2847; x_wconf 95' lang='lat'>1</span> <span class='ocrx_word' id='word_1_249' title='bbox 458 2813 514 2856; x_wconf 90' lang='lat'>39,</span> <span class='ocrx_word' id='word_1_250' title='bbox 538 2813 572 2850; x_wconf 87' lang='lat'>3.</span> 
     </span>
    </p>
   </div>
   <div class='ocr_carea' id='block_1_14' title="bbox 956 1248 962 2604">
    <p class='ocr_par' dir='ltr' id='par_1_19' title="bbox 956 1248 962 2604">
     <span class='ocr_line' id='line_1_46' title="bbox 956 1248 962 2604; baseline 0 0"><span class='ocrx_word' id='word_1_251' title='bbox 956 1248 962 2604; x_wconf 95' lang='lat' dir='ltr'> </span> 
     </span>
    </p>
   </div>
   <div class='ocr_carea' id='block_1_15' title="bbox 1667 171 1745 215">
    <p class='ocr_par' dir='ltr' id='par_1_20' title="bbox 1667 171 1745 215">
     <span class='ocr_line' id='line_1_47' title="bbox 1667 171 1745 215; baseline 0.013 -1"><span class='ocrx_word' id='word_1_252' title='bbox 1667 171 1745 215; x_wconf 90' lang='lat'>601</span> 
     </span>
    </p>
   </div>
   <div class='ocr_carea' id='block_1_16' title="bbox 991 294 1751 403">
    <p class='ocr_par' dir='ltr' id='par_1_21' title="bbox 991 294 1751 403">
     <span class='ocr_line' id='line_1_48' title="bbox 991 294 1751 341; baseline 0.004 -12"><span class='ocrx_word' id='word_1_253' title='bbox 991 294 1196 330; x_wconf 78' lang='lat' dir='ltr'>credulitas:</span> <span class='ocrx_word' id='word_1_254' title='bbox 1230 294 1330 331; x_wconf 87' lang='lat' dir='ltr'>cuius</span> <span class='ocrx_word' id='word_1_255' title='bbox 1360 295 1569 341; x_wconf 90' lang='lat' dir='ltr'>mysterium</span> <span class='ocrx_word' id='word_1_256' title='bbox 1603 296 1751 332; x_wconf 87' lang='lat' dir='ltr'>creduli·</span> 
     </span>
     <span class='ocr_line' id='line_1_49' title="bbox 1036 354 1748 403; baseline 0.004 -14"><span class='ocrx_word' id='word_1_257' title='bbox 1036 354 1124 390; x_wconf 87' lang='lat' dir='ltr'>tatis</span> <span class='ocrx_word' id='word_1_258' title='bbox 1144 354 1182 390; x_wconf 92' lang='lat' dir='ltr'>in</span> <span class='ocrx_word' id='word_1_259' title='bbox 1204 355 1362 401; x_wconf 84' lang='lat' dir='ltr'>paruulis</span> <span class='ocrx_word' id='word_1_260' title='bbox 1382 366 1445 402; x_wconf 90' lang='lat' dir='ltr'>per</span> <span class='ocrx_word' id='word_1_261' title='bbox 1465 367 1586 391; x_wconf 91' lang='lat' dir='ltr'>eorum</span> <span class='ocrx_word' id='word_1_262' title='bbox 1610 367 1748 403; x_wconf 87' lang='lat' dir='ltr'>respon-</span> 
     </span>
    </p>
   </div>
   <div class='ocr_carea' id='block_1_17' title="bbox 992 414 1756 1782">
    <p class='ocr_par' dir='ltr' id='par_1_22' title="bbox 1035 414 1751 516">
     <span class='ocr_line' id='line_1_50' title="bbox 1035 414 1751 463; baseline 0.003 -13"><span class='ocrx_word' id='word_1_263' title='bbox 1035 414 1170 450; x_wconf 86' lang='lat' dir='ltr'>sionem</span> <span class='ocrx_word' id='word_1_264' title='bbox 1194 424 1215 449; x_wconf 91' lang='lat' dir='ltr'>a</span> <span class='ocrx_word' id='word_1_265' title='bbox 1237 415 1367 461; x_wconf 90' lang='lat' dir='ltr'>quibus</span> <span class='ocrx_word' id='word_1_266' title='bbox 1389 420 1574 462; x_wconf 83' lang='lat' dir='ltr'>gestantur</span> <span class='ocrx_word' id='word_1_267' title='bbox 1595 416 1751 463; x_wconf 85' lang='lat' dir='ltr'>inpletur</span> 
     </span>
     <span class='ocr_line' id='line_1_51' title="bbox 1042 474 1240 516; baseline 0.005 -7"><span class='ocrx_word' id='word_1_268' title='bbox 1042 474 1056 509; x_wconf 93' lang='lat'>1</span> <span class='ocrx_word' id='word_1_269' title='bbox 1082 475 1160 516; x_wconf 89' lang='grc'>352,</span> <span class='ocrx_word' id='word_1_270' title='bbox 1189 475 1240 510; x_wconf 93' lang='grc'>17.</span> 
     </span>
    </p>

    <p class='ocr_par' dir='ltr' id='par_1_23' title="bbox 993 533 1637 577">
     <span class='ocr_line' id='line_1_52' title="bbox 993 533 1637 577; baseline 0.005 -8"><span class='ocrx_word' id='word_1_271' title='bbox 993 545 1079 569; x_wconf 84' lang='lat' dir='ltr'>crux</span> <span class='ocrx_word' id='word_1_272' title='bbox 1106 533 1119 569; x_wconf 96' lang='lat'>1</span> <span class='ocrx_word' id='word_1_273' title='bbox 1146 535 1221 577; x_wconf 89' lang='grc'>109,</span> <span class='ocrx_word' id='word_1_274' title='bbox 1248 536 1299 570; x_wconf 88' lang='lat'>16.</span> <span class='ocrx_word' id='word_1_275' title='bbox 1323 536 1402 577; x_wconf 90' lang='lat'>311,</span> <span class='ocrx_word' id='word_1_276' title='bbox 1427 537 1479 571; x_wconf 95' lang='lat'>10.</span> <span class='ocrx_word' id='word_1_277' title='bbox 1507 538 1558 572; x_wconf 91' lang='grc'>11.</span> <span class='ocrx_word' id='word_1_278' title='bbox 1583 537 1637 572; x_wconf 89' lang='lat'>24.</span> 
     </span>
    </p>

    <p class='ocr_par' dir='ltr' id='par_1_24' title="bbox 992 593 1750 689">
     <span class='ocr_line' id='line_1_53' title="bbox 992 593 1750 642; baseline 0.005 -14"><span class='ocrx_word' id='word_1_279' title='bbox 992 593 1153 629; x_wconf 89' lang='lat' dir='ltr'>cultellus</span> <span class='ocrx_word' id='word_1_280' title='bbox 1165 594 1439 631; x_wconf 85' lang='lat' dir='ltr'>circumcisionis</span> <span class='ocrx_word' id='word_1_281' title='bbox 1450 596 1609 642; x_wconf 89' lang='lat' dir='ltr'>petrinus</span> <span class='ocrx_word' id='word_1_282' title='bbox 1625 596 1660 631; x_wconf 93' lang='lat'>11</span> <span class='ocrx_word' id='word_1_283' title='bbox 1674 597 1750 638; x_wconf 83' lang='lat'>195,</span> 
     </span>
     <span class='ocr_line' id='line_1_54' title="bbox 1042 655 1093 689; baseline 0 -1"><span class='ocrx_word' id='word_1_284' title='bbox 1042 655 1093 689; x_wconf 87' lang='lat'>16.</span> 
     </span>
    </p>

    <p class='ocr_par' dir='ltr' id='par_1_25' title="bbox 994 713 1749 817">
     <span class='ocr_line' id='line_1_55' title="bbox 994 713 1749 758; baseline 0.004 -9"><span class='ocrx_word' id='word_1_285' title='bbox 994 713 1110 749; x_wconf 85' lang='lat' dir='ltr'>cultus</span> <span class='ocrx_word' id='word_1_286' title='bbox 1121 714 1176 750; x_wconf 89' lang='lat' dir='ltr'>dei</span> <span class='ocrx_word' id='word_1_287' title='bbox 1189 715 1326 749; x_wconf 90' lang='lat' dir='ltr'>seruilis</span> <span class='ocrx_word' id='word_1_288' title='bbox 1337 720 1372 750; x_wconf 91' lang='lat' dir='ltr'>et</span> <span class='ocrx_word' id='word_1_289' title='bbox 1386 715 1539 751; x_wconf 88' lang='lat' dir='ltr'>liberalis</span> <span class='ocrx_word' id='word_1_290' title='bbox 1554 716 1658 758; x_wconf 89' lang='lat'>1501,</span> <span class='ocrx_word' id='word_1_291' title='bbox 1672 718 1702 752; x_wconf 91' lang='lat'>7.</span> <span class='ocrx_word' id='word_1_292' title='bbox 1717 718 1749 752; x_wconf 89' lang='lat'>9.</span> 
     </span>
     <span class='ocr_line' id='line_1_56' title="bbox 1040 774 1450 817; baseline 0.005 -8"><span class='ocrx_word' id='word_1_293' title='bbox 1040 775 1116 816; x_wconf 93' lang='lat'>170,</span> <span class='ocrx_word' id='word_1_294' title='bbox 1148 776 1198 810; x_wconf 93' lang='grc'>11.</span> <span class='ocrx_word' id='word_1_295' title='bbox 1230 774 1263 809; x_wconf 93' lang='grc' dir='ltr'>ΙΙ</span> <span class='ocrx_word' id='word_1_296' title='bbox 1291 776 1369 817; x_wconf 88' lang='lat'>214,</span> <span class='ocrx_word' id='word_1_297' title='bbox 1398 777 1450 811; x_wconf 92' lang='lat'>12.</span> 
     </span>
    </p>

    <p class='ocr_par' dir='ltr' id='par_1_26' title="bbox 993 834 1751 996">
     <span class='ocr_line' id='line_1_57' title="bbox 993 834 1751 882; baseline 0.004 -14"><span class='ocrx_word' id='word_1_298' title='bbox 993 834 1227 880; x_wconf 87' lang='lat' dir='ltr'>cupiditatem</span> <span class='ocrx_word' id='word_1_299' title='bbox 1256 834 1340 869; x_wconf 92' lang='lat' dir='ltr'>boni</span> <span class='ocrx_word' id='word_1_300' title='bbox 1366 835 1402 870; x_wconf 92' lang='lat' dir='ltr'>in</span> <span class='ocrx_word' id='word_1_301' title='bbox 1432 836 1573 871; x_wconf 90' lang='lat' dir='ltr'>homine</span> <span class='ocrx_word' id='word_1_302' title='bbox 1600 836 1646 871; x_wconf 90' lang='lat' dir='ltr'>ab</span> <span class='ocrx_word' id='word_1_303' title='bbox 1673 836 1751 882; x_wconf 92' lang='lat' dir='ltr'>ipso</span> 
     </span>
     <span class='ocr_line' id='line_1_58' title="bbox 1039 894 1751 941; baseline 0.007 -14"><span class='ocrx_word' id='word_1_304' title='bbox 1039 894 1179 928; x_wconf 88' lang='lat' dir='ltr'>homine</span> <span class='ocrx_word' id='word_1_305' title='bbox 1202 895 1356 940; x_wconf 89' lang='lat' dir='ltr'>incipere</span> <span class='ocrx_word' id='word_1_306' title='bbox 1382 894 1397 930; x_wconf 97' lang='lat' dir='ltr'>I</span> <span class='ocrx_word' id='word_1_307' title='bbox 1420 897 1498 938; x_wconf 89' lang='grc'>479,</span> <span class='ocrx_word' id='word_1_308' title='bbox 1524 897 1581 937; x_wconf 91' lang='grc'>10;</span> <span class='ocrx_word' id='word_1_309' title='bbox 1605 898 1648 941; x_wconf 77' lang='lat' dir='ltr'>cs.</span> <span class='ocrx_word' id='word_1_310' title='bbox 1672 897 1751 938; x_wconf 87' lang='lat'>480,</span> 
     </span>
     <span class='ocr_line' id='line_1_59' title="bbox 1041 955 1336 996; baseline 0.003 -7"><span class='ocrx_word' id='word_1_311' title='bbox 1041 956 1070 989; x_wconf 95' lang='lat'>1.</span> <span class='ocrx_word' id='word_1_312' title='bbox 1100 955 1151 989; x_wconf 89' lang='lat'>17.</span> <span class='ocrx_word' id='word_1_313' title='bbox 1179 956 1256 996; x_wconf 91' lang='lat'>482,</span> <span class='ocrx_word' id='word_1_314' title='bbox 1283 956 1336 990; x_wconf 89' lang='lat'>27.</span> 
     </span>
    </p>

    <p class='ocr_par' dir='ltr' id='par_1_27' title="bbox 994 1014 1754 1115">
     <span class='ocr_line' id='line_1_60' title="bbox 994 1014 1754 1061; baseline 0.003 -12"><span class='ocrx_word' id='word_1_315' title='bbox 994 1014 1086 1049; x_wconf 89' lang='lat' dir='ltr'>cutis</span> <span class='ocrx_word' id='word_1_316' title='bbox 1111 1025 1195 1048; x_wconf 90' lang='lat' dir='ltr'>num</span> <span class='ocrx_word' id='word_1_317' title='bbox 1232 1015 1269 1049; x_wconf 91' lang='lat' dir='ltr'>in</span> <span class='ocrx_word' id='word_1_318' title='bbox 1304 1014 1422 1051; x_wconf 84' lang='lat' dir='ltr'>neruis</span> <span class='ocrx_word' id='word_1_319' title='bbox 1463 1015 1670 1061; x_wconf 89' lang='lat' dir='ltr'>deputanda</span> <span class='ocrx_word' id='word_1_320' title='bbox 1704 1015 1754 1051; x_wconf 86' lang='lat' dir='ltr'>sit</span> 
     </span>
     <span class='ocr_line' id='line_1_61' title="bbox 1046 1073 1242 1115; baseline 0.005 -7"><span class='ocrx_word' id='word_1_321' title='bbox 1046 1073 1059 1108; x_wconf 96' lang='lat' dir='ltr'>I</span> <span class='ocrx_word' id='word_1_322' title='bbox 1086 1074 1163 1115; x_wconf 85' lang='lat'>386,</span> <span class='ocrx_word' id='word_1_323' title='bbox 1192 1076 1242 1110; x_wconf 92' lang='lat'>10.</span> 
     </span>
    </p>

    <p class='ocr_par' dir='ltr' id='par_1_28' title="bbox 994 1133 1752 1235">
     <span class='ocr_line' id='line_1_62' title="bbox 994 1133 1752 1181; baseline 0.001 -12"><span class='ocrx_word' id='word_1_324' title='bbox 994 1133 1204 1179; x_wconf 86' lang='lat' dir='ltr'>Cynicorum</span> <span class='ocrx_word' id='word_1_325' title='bbox 1247 1145 1341 1170; x_wconf 89' lang='lat' dir='ltr'>error</span> <span class='ocrx_word' id='word_1_326' title='bbox 1381 1134 1671 1181; x_wconf 88' lang='lat' dir='ltr'>philosophorum</span> <span class='ocrx_word' id='word_1_327' title='bbox 1716 1135 1752 1170; x_wconf 93' lang='lat'>11</span> 
     </span>
     <span class='ocr_line' id='line_1_63' title="bbox 1039 1194 1279 1235; baseline 0 -6"><span class='ocrx_word' id='word_1_328' title='bbox 1039 1195 1118 1235; x_wconf 88' lang='lat'>237,</span> <span class='ocrx_word' id='word_1_329' title='bbox 1146 1196 1198 1230; x_wconf 89' lang='lat'>10.</span> <span class='ocrx_word' id='word_1_330' title='bbox 1227 1194 1279 1229; x_wconf 89' lang='lat'>15.</span> 
     </span>
    </p>

    <p class='ocr_par' dir='ltr' id='par_1_29' title="bbox 993 1254 1756 1782">
     <span class='ocr_line' id='line_1_64' title="bbox 993 1254 1752 1301; baseline 0.001 -11"><span class='ocrx_word' id='word_1_331' title='bbox 993 1254 1191 1301; x_wconf 87' lang='lat' dir='ltr'>Cyprianus</span> <span class='ocrx_word' id='word_1_332' title='bbox 1219 1255 1458 1296; x_wconf 88' lang='lat' dir='ltr'>beatissimus,</span> <span class='ocrx_word' id='word_1_333' title='bbox 1487 1266 1616 1290; x_wconf 89' lang='lat' dir='ltr'>corona</span> <span class='ocrx_word' id='word_1_334' title='bbox 1642 1255 1752 1291; x_wconf 87' lang='lat' dir='ltr'>etiam</span> 
     </span>
     <span class='ocr_line' id='line_1_65' title="bbox 1037 1315 1751 1363; baseline 0.001 -13"><span class='ocrx_word' id='word_1_335' title='bbox 1037 1315 1202 1362; x_wconf 88' lang='lat' dir='ltr'>martyrii</span> <span class='ocrx_word' id='word_1_336' title='bbox 1237 1315 1509 1363; x_wconf 89' lang='lat' dir='ltr'>gloriosissimus</span> <span class='ocrx_word' id='word_1_337' title='bbox 1549 1315 1565 1350; x_wconf 94' lang='lat' dir='ltr'>I</span> <span class='ocrx_word' id='word_1_338' title='bbox 1602 1316 1680 1358; x_wconf 84' lang='lat'>543,</span> <span class='ocrx_word' id='word_1_339' title='bbox 1719 1316 1751 1351; x_wconf 88' lang='grc'>5.</span> 
     </span>
     <span class='ocr_line' id='line_1_66' title="bbox 1038 1376 1753 1422; baseline 0 -12"><span class='ocrx_word' id='word_1_340' title='bbox 1038 1377 1338 1421; x_wconf 86' lang='lat' dir='ltr'>quemadmodum</span> <span class='ocrx_word' id='word_1_341' title='bbox 1365 1376 1580 1412; x_wconf 81' lang='lat' dir='ltr'>intellexerit</span> <span class='ocrx_word' id='word_1_342' title='bbox 1607 1376 1655 1410; x_wconf 86' lang='lat' dir='ltr'>‘in</span> <span class='ocrx_word' id='word_1_343' title='bbox 1681 1387 1753 1422; x_wconf 90' lang='lat' dir='ltr'>quo</span> 
     </span>
     <span class='ocr_line' id='line_1_67' title="bbox 1038 1436 1753 1483; baseline 0.001 -13"><span class='ocrx_word' id='word_1_344' title='bbox 1038 1446 1159 1472; x_wconf 91' lang='lat' dir='ltr'>omnes</span> <span class='ocrx_word' id='word_1_345' title='bbox 1174 1439 1424 1483; x_wconf 62' lang='lat' dir='ltr'>peccauerunt*</span> <span class='ocrx_word' id='word_1_346' title='bbox 1445 1436 1458 1470; x_wconf 97' lang='lat' dir='ltr'>I</span> <span class='ocrx_word' id='word_1_347' title='bbox 1474 1437 1552 1477; x_wconf 87' lang='lat'>544,</span> <span class='ocrx_word' id='word_1_348' title='bbox 1571 1437 1622 1471; x_wconf 89' lang='lat'>19.</span> <span class='ocrx_word' id='word_1_349' title='bbox 1652 1447 1753 1482; x_wconf 90' lang='lat' dir='ltr'>prae-</span> 
     </span>
     <span class='ocr_line' id='line_1_68' title="bbox 1037 1496 1751 1532; baseline 0.001 -2"><span class='ocrx_word' id='word_1_350' title='bbox 1037 1496 1278 1532; x_wconf 86' lang='lat' dir='ltr'>dicatissimus</span> <span class='ocrx_word' id='word_1_351' title='bbox 1327 1501 1501 1532; x_wconf 85' lang='lat' dir='ltr'>tractator</span> <span class='ocrx_word' id='word_1_352' title='bbox 1549 1496 1751 1531; x_wconf 90' lang='lat' dir='ltr'>diuinorum</span> 
     </span>
     <span class='ocr_line' id='line_1_69' title="bbox 1038 1556 1756 1602; baseline 0 -11"><span class='ocrx_word' id='word_1_353' title='bbox 1038 1556 1257 1602; x_wconf 89' lang='lat' dir='ltr'>eloquiorum</span> <span class='ocrx_word' id='word_1_354' title='bbox 1293 1557 1307 1592; x_wconf 96' lang='lat' dir='ltr'>I</span> <span class='ocrx_word' id='word_1_355' title='bbox 1338 1558 1416 1599; x_wconf 86' lang='lat'>549,</span> <span class='ocrx_word' id='word_1_356' title='bbox 1449 1558 1479 1592; x_wconf 87' lang='lat'>2.</span> <span class='ocrx_word' id='word_1_357' title='bbox 1516 1557 1756 1593; x_wconf 89' lang='lat' dir='ltr'>memorabilis</span> 
     </span>
     <span class='ocr_line' id='line_1_70' title="bbox 1038 1617 1754 1653; baseline 0 -1"><span class='ocrx_word' id='word_1_358' title='bbox 1038 1617 1262 1653; x_wconf 89' lang='lat' dir='ltr'>ecclesiarum</span> <span class='ocrx_word' id='word_1_359' title='bbox 1295 1618 1332 1652; x_wconf 93' lang='lat' dir='ltr'>in</span> <span class='ocrx_word' id='word_1_360' title='bbox 1366 1618 1472 1653; x_wconf 92' lang='lat' dir='ltr'>uerbo</span> <span class='ocrx_word' id='word_1_361' title='bbox 1505 1617 1670 1653; x_wconf 82' lang='lat' dir='ltr'>ueritatis</span> <span class='ocrx_word' id='word_1_362' title='bbox 1700 1618 1754 1652; x_wconf 92' lang='lat' dir='ltr'>in-</span> 
     </span>
     <span class='ocr_line' id='line_1_71' title="bbox 1040 1678 1754 1719; baseline 0 -7"><span class='ocrx_word' id='word_1_363' title='bbox 1040 1681 1197 1713; x_wconf 89' lang='lat' dir='ltr'>structor</span> <span class='ocrx_word' id='word_1_364' title='bbox 1219 1678 1233 1713; x_wconf 92' lang='lat'>1</span> <span class='ocrx_word' id='word_1_365' title='bbox 1252 1679 1329 1719; x_wconf 87' lang='grc'>552,</span> <span class='ocrx_word' id='word_1_366' title='bbox 1351 1681 1403 1714; x_wconf 88' lang='lat'>14.</span> <span class='ocrx_word' id='word_1_367' title='bbox 1437 1679 1543 1714; x_wconf 90' lang='lat' dir='ltr'>homo</span> <span class='ocrx_word' id='word_1_368' title='bbox 1563 1678 1618 1713; x_wconf 88' lang='lat' dir='ltr'>dei</span> <span class='ocrx_word' id='word_1_369' title='bbox 1641 1678 1656 1714; x_wconf 95' lang='lat' dir='ltr'>I</span> <span class='ocrx_word' id='word_1_370' title='bbox 1674 1678 1754 1719; x_wconf 88' lang='lat'>557,</span> 
     </span>
     <span class='ocr_line' id='line_1_72' title="bbox 1040 1738 1752 1782; baseline -0.003 -8"><span class='ocrx_word' id='word_1_371' title='bbox 1040 1739 1099 1779; x_wconf 76' lang='lat'>113</span> <span class='ocrx_word' id='word_1_372' title='bbox 1117 1739 1162 1782; x_wconf 78' lang='lat' dir='ltr'>cs.</span> <span class='ocrx_word' id='word_1_373' title='bbox 1184 1738 1219 1773; x_wconf 94' lang='lat' dir='ltr'>II</span> <span class='ocrx_word' id='word_1_374' title='bbox 1238 1740 1293 1780; x_wconf 87' lang='lat'>79,</span> <span class='ocrx_word' id='word_1_375' title='bbox 1312 1739 1343 1774; x_wconf 88' lang='lat'>2.</span> <span class='ocrx_word' id='word_1_376' title='bbox 1363 1739 1442 1780; x_wconf 89' lang='lat'>308,</span> <span class='ocrx_word' id='word_1_377' title='bbox 1462 1741 1477 1774; x_wconf 93' lang='lat'>1</span> <span class='ocrx_word' id='word_1_378' title='bbox 1501 1741 1529 1773; x_wconf 79' lang='lat' dir='ltr'>el</span> <span class='ocrx_word' id='word_1_379' title='bbox 1549 1739 1701 1773; x_wconf 75' lang='lat' dir='ltr'>Iudicem</span> <span class='ocrx_word' id='word_1_380' title='bbox 1722 1738 1752 1772; x_wconf 95' lang='lat' dir='ltr'>I.</span> 
     </span>
    </p>
   </div>
   <div class='ocr_carea' id='block_1_18' title="bbox 997 1917 1757 2739">
    <p class='ocr_par' dir='ltr' id='par_1_30' title="bbox 997 1917 1757 2739">
     <span class='ocr_line' id='line_1_73' title="bbox 1040 1917 1753 1963; baseline 0.001 -12"><span class='ocrx_word' id='word_1_381' title='bbox 1040 1922 1187 1963; x_wconf 87' lang='lat' dir='ltr'>peccata</span> <span class='ocrx_word' id='word_1_382' title='bbox 1206 1918 1328 1963; x_wconf 85' lang='lat' dir='ltr'>populi</span> <span class='ocrx_word' id='word_1_383' title='bbox 1339 1923 1374 1953; x_wconf 90' lang='lat' dir='ltr'>et</span> <span class='ocrx_word' id='word_1_384' title='bbox 1385 1929 1449 1952; x_wconf 84' lang='lat' dir='ltr'>sua</span> <span class='ocrx_word' id='word_1_385' title='bbox 1462 1917 1623 1952; x_wconf 77' lang='lat' dir='ltr'>fateturl</span> <span class='ocrx_word' id='word_1_386' title='bbox 1645 1919 1699 1957; x_wconf 84' lang='lat'>84,</span> <span class='ocrx_word' id='word_1_387' title='bbox 1722 1919 1753 1952; x_wconf 91' lang='lat'>7.</span> 
     </span>
     <span class='ocr_line' id='line_1_74' title="bbox 1040 1977 1755 2024; baseline -0.001 -12"><span class='ocrx_word' id='word_1_388' title='bbox 1040 1978 1093 2012; x_wconf 91' lang='lat'>21.</span> <span class='ocrx_word' id='word_1_389' title='bbox 1105 1977 1141 2011; x_wconf 90' lang='lat' dir='ltr'>in</span> <span class='ocrx_word' id='word_1_390' title='bbox 1151 1977 1322 2013; x_wconf 87' lang='lat' dir='ltr'>Danihele</span> <span class='ocrx_word' id='word_1_391' title='bbox 1333 1978 1418 2012; x_wconf 91' lang='lat' dir='ltr'>iusti</span> <span class='ocrx_word' id='word_1_392' title='bbox 1426 1978 1647 2013; x_wconf 83' lang='lat' dir='ltr'>continentes</span> <span class='ocrx_word' id='word_1_393' title='bbox 1655 1988 1755 2024; x_wconf 89' lang='lat' dir='ltr'>prae-</span> 
     </span>
     <span class='ocr_line' id='line_1_75' title="bbox 1039 2036 1754 2083; baseline 0.001 -12"><span class='ocrx_word' id='word_1_394' title='bbox 1039 2036 1241 2083; x_wconf 77' lang='lat' dir='ltr'>figurantur</span> <span class='ocrx_word' id='word_1_395' title='bbox 1259 2037 1274 2073; x_wconf 94' lang='grc' dir='ltr'>Ι</span> <span class='ocrx_word' id='word_1_396' title='bbox 1292 2038 1346 2079; x_wconf 90' lang='grc'>83,</span> <span class='ocrx_word' id='word_1_397' title='bbox 1377 2038 1430 2074; x_wconf 91' lang='grc'>23.</span> <span class='ocrx_word' id='word_1_398' title='bbox 1452 2037 1545 2073; x_wconf 91' lang='lat' dir='ltr'>inter</span> <span class='ocrx_word' id='word_1_399' title='bbox 1572 2048 1632 2073; x_wconf 89' lang='lat' dir='ltr'>eos</span> <span class='ocrx_word' id='word_1_400' title='bbox 1660 2048 1754 2072; x_wconf 93' lang='lat' dir='ltr'>com-</span> 
     </span>
     <span class='ocr_line' id='line_1_76' title="bbox 1045 2097 1752 2144; baseline 0 -13"><span class='ocrx_word' id='word_1_401' title='bbox 1045 2101 1264 2133; x_wconf 90' lang='lat' dir='ltr'>memoratur</span> <span class='ocrx_word' id='word_1_402' title='bbox 1277 2108 1298 2132; x_wconf 93' lang='lat' dir='ltr'>a</span> <span class='ocrx_word' id='word_1_403' title='bbox 1312 2097 1465 2144; x_wconf 90' lang='lat' dir='ltr'>Pelagi0‚</span> <span class='ocrx_word' id='word_1_404' title='bbox 1481 2097 1542 2144; x_wconf 90' lang='lat' dir='ltr'>qui</span> <span class='ocrx_word' id='word_1_405' title='bbox 1556 2108 1627 2132; x_wconf 92' lang='lat' dir='ltr'>non</span> <span class='ocrx_word' id='word_1_406' title='bbox 1647 2098 1752 2133; x_wconf 88' lang='lat' dir='ltr'>modo</span> 
     </span>
     <span class='ocr_line' id='line_1_77' title="bbox 1039 2157 1753 2203; baseline 0.001 -12"><span class='ocrx_word' id='word_1_407' title='bbox 1039 2167 1111 2191; x_wconf 91' lang='lat' dir='ltr'>non</span> <span class='ocrx_word' id='word_1_408' title='bbox 1147 2168 1320 2203; x_wconf 89' lang='lat' dir='ltr'>peccasse,</span> <span class='ocrx_word' id='word_1_409' title='bbox 1355 2169 1479 2193; x_wconf 89' lang='lat' dir='ltr'>uerum</span> <span class='ocrx_word' id='word_1_410' title='bbox 1516 2158 1625 2194; x_wconf 88' lang='lat' dir='ltr'>etiam</span> <span class='ocrx_word' id='word_1_411' title='bbox 1660 2157 1753 2193; x_wconf 89' lang='lat' dir='ltr'>iuste</span> 
     </span>
     <span class='ocr_line' id='line_1_78' title="bbox 1040 2216 1754 2259; baseline 0.001 -8"><span class='ocrx_word' id='word_1_412' title='bbox 1040 2216 1173 2252; x_wconf 87' lang='lat' dir='ltr'>uixisse</span> <span class='ocrx_word' id='word_1_413' title='bbox 1194 2218 1394 2253; x_wconf 78' lang='lat' dir='ltr'>referuntur</span> <span class='ocrx_word' id='word_1_414' title='bbox 1406 2217 1422 2253; x_wconf 91' lang='lat'>1</span> <span class='ocrx_word' id='word_1_415' title='bbox 1434 2218 1511 2259; x_wconf 88' lang='lat'>263,</span> <span class='ocrx_word' id='word_1_416' title='bbox 1531 2219 1584 2253; x_wconf 89' lang='lat'>18.</span> <span class='ocrx_word' id='word_1_417' title='bbox 1600 2217 1754 2253; x_wconf 85' lang='lat' dir='ltr'>Danihel</span> 
     </span>
     <span class='ocr_line' id='line_1_79' title="bbox 1040 2277 1753 2324; baseline 0.001 -13"><span class='ocrx_word' id='word_1_418' title='bbox 1040 2278 1217 2324; x_wconf 84' lang='lat' dir='ltr'>propheta</span> <span class='ocrx_word' id='word_1_419' title='bbox 1239 2277 1275 2314; x_wconf 92' lang='grc' dir='ltr'>ΙΙ</span> <span class='ocrx_word' id='word_1_420' title='bbox 1295 2278 1350 2320; x_wconf 90' lang='lat'>65,</span> <span class='ocrx_word' id='word_1_421' title='bbox 1371 2279 1424 2314; x_wconf 94' lang='lat'>26.</span> <span class='ocrx_word' id='word_1_422' title='bbox 1446 2279 1502 2319; x_wconf 91' lang='lat'>67,</span> <span class='ocrx_word' id='word_1_423' title='bbox 1522 2279 1577 2314; x_wconf 92' lang='lat'>21.</span> <span class='ocrx_word' id='word_1_424' title='bbox 1600 2279 1676 2320; x_wconf 92' lang='lat'>117,</span> <span class='ocrx_word' id='word_1_425' title='bbox 1698 2279 1753 2313; x_wconf 87' lang='grc'>23.</span> 
     </span>
     <span class='ocr_line' id='line_1_80' title="bbox 997 2336 1754 2384; baseline 0 -12"><span class='ocrx_word' id='word_1_426' title='bbox 997 2336 1117 2373; x_wconf 89' lang='lat' dir='ltr'>Dauid</span> <span class='ocrx_word' id='word_1_427' title='bbox 1143 2337 1346 2384; x_wconf 88' lang='lat' dir='ltr'>patriarcha</span> <span class='ocrx_word' id='word_1_428' title='bbox 1372 2338 1591 2373; x_wconf 86' lang='lat' dir='ltr'>confessione</span> <span class='ocrx_word' id='word_1_429' title='bbox 1618 2337 1754 2384; x_wconf 87' lang='lat' dir='ltr'>peccati</span> 
     </span>
     <span class='ocr_line' id='line_1_81' title="bbox 1041 2397 1755 2440; baseline -0.003 -8"><span class='ocrx_word' id='word_1_430' title='bbox 1041 2397 1183 2432; x_wconf 89' lang='lat' dir='ltr'>ueniam</span> <span class='ocrx_word' id='word_1_431' title='bbox 1204 2399 1335 2434; x_wconf 88' lang='lat' dir='ltr'>meruit</span> <span class='ocrx_word' id='word_1_432' title='bbox 1348 2397 1363 2433; x_wconf 85' lang='lat'>1</span> <span class='ocrx_word' id='word_1_433' title='bbox 1376 2398 1452 2440; x_wconf 87' lang='lat'>125,</span> <span class='ocrx_word' id='word_1_434' title='bbox 1464 2399 1495 2434; x_wconf 94' lang='lat'>7.</span> <span class='ocrx_word' id='word_1_435' title='bbox 1517 2397 1645 2433; x_wconf 87' lang='lat' dir='ltr'>maluit</span> <span class='ocrx_word' id='word_1_436' title='bbox 1659 2397 1755 2433; x_wconf 90' lang='lat' dir='ltr'>Sauli</span> 
     </span>
     <span class='ocr_line' id='line_1_82' title="bbox 1041 2457 1754 2504; baseline -0.001 -12"><span class='ocrx_word' id='word_1_437' title='bbox 1041 2467 1183 2504; x_wconf 89' lang='lat' dir='ltr'>parcere</span> <span class='ocrx_word' id='word_1_438' title='bbox 1195 2469 1302 2504; x_wconf 83' lang='lat' dir='ltr'>quam</span> <span class='ocrx_word' id='word_1_439' title='bbox 1311 2458 1413 2493; x_wconf 86' lang='lat' dir='ltr'>ferire</span> <span class='ocrx_word' id='word_1_440' title='bbox 1424 2457 1524 2500; x_wconf 91' lang='grc'>1212,</span> <span class='ocrx_word' id='word_1_441' title='bbox 1533 2459 1565 2493; x_wconf 90' lang='lat'>9.</span> <span class='ocrx_word' id='word_1_442' title='bbox 1575 2457 1754 2493; x_wconf 88' lang='lat' dir='ltr'>Christum</span> 
     </span>
     <span class='ocr_line' id='line_1_83' title="bbox 1041 2517 1756 2564; baseline -0.001 -11"><span class='ocrx_word' id='word_1_443' title='bbox 1041 2520 1233 2553; x_wconf 86' lang='lat' dir='ltr'>uenturum</span> <span class='ocrx_word' id='word_1_444' title='bbox 1260 2518 1299 2553; x_wconf 90' lang='lat' dir='ltr'>in</span> <span class='ocrx_word' id='word_1_445' title='bbox 1325 2518 1457 2564; x_wconf 89' lang='lat' dir='ltr'>populo</span> <span class='ocrx_word' id='word_1_446' title='bbox 1486 2517 1756 2563; x_wconf 85' lang='lat' dir='ltr'>praenuntiauit</span> 
     </span>
     <span class='ocr_line' id='line_1_84' title="bbox 1045 2575 1754 2622; baseline 0 -10"><span class='ocrx_word' id='word_1_447' title='bbox 1045 2575 1081 2612; x_wconf 90' lang='lat'>11</span> <span class='ocrx_word' id='word_1_448' title='bbox 1096 2578 1152 2619; x_wconf 89' lang='lat'>45,</span> <span class='ocrx_word' id='word_1_449' title='bbox 1171 2580 1222 2614; x_wconf 94' lang='lat'>14.</span> <span class='ocrx_word' id='word_1_450' title='bbox 1233 2588 1279 2614; x_wconf 87' lang='lat' dir='ltr'>ex</span> <span class='ocrx_word' id='word_1_451' title='bbox 1294 2578 1426 2613; x_wconf 91' lang='lat' dir='ltr'>semine</span> <span class='ocrx_word' id='word_1_452' title='bbox 1442 2577 1562 2612; x_wconf 88' lang='lat' dir='ltr'>Dauid</span> <span class='ocrx_word' id='word_1_453' title='bbox 1577 2581 1614 2613; x_wconf 88' lang='lat' dir='ltr'>et</span> <span class='ocrx_word' id='word_1_454' title='bbox 1625 2576 1754 2622; x_wconf 90' lang='lat' dir='ltr'>Ioseph</span> 
     </span>
     <span class='ocr_line' id='line_1_85' title="bbox 1042 2637 1569 2679; baseline 0 -7"><span class='ocrx_word' id='word_1_455' title='bbox 1042 2640 1120 2673; x_wconf 86' lang='lat' dir='ltr'>erat</span> <span class='ocrx_word' id='word_1_456' title='bbox 1144 2642 1181 2674; x_wconf 91' lang='lat' dir='ltr'>et</span> <span class='ocrx_word' id='word_1_457' title='bbox 1207 2637 1319 2673; x_wconf 85' lang='lat' dir='ltr'>Maria</span> <span class='ocrx_word' id='word_1_458' title='bbox 1346 2637 1382 2672; x_wconf 93' lang='lat'>11</span> <span class='ocrx_word' id='word_1_459' title='bbox 1409 2638 1487 2679; x_wconf 90' lang='grc'>225,</span> <span class='ocrx_word' id='word_1_460' title='bbox 1514 2638 1569 2673; x_wconf 89' lang='grc'>23.</span> 
     </span>
     <span class='ocr_line' id='line_1_86' title="bbox 998 2695 1757 2739; baseline -0.001 -6"><span class='ocrx_word' id='word_1_461' title='bbox 998 2695 1164 2733; x_wconf 88' lang='lat' dir='ltr'>Debbora</span> <span class='ocrx_word' id='word_1_462' title='bbox 1207 2697 1302 2733; x_wconf 90' lang='lat' dir='ltr'>inter</span> <span class='ocrx_word' id='word_1_463' title='bbox 1348 2697 1496 2733; x_wconf 79' lang='lat' dir='ltr'>feminas</span> <span class='ocrx_word' id='word_1_464' title='bbox 1526 2701 1757 2739; x_wconf 78' lang='lat' dir='ltr'>memoratur,</span> 
     </span>
    </p>
   </div>
   <div class='ocr_carea' id='block_1_19' title="bbox 1044 2756 1757 2853">
    <p class='ocr_par' dir='ltr' id='par_1_31' title="bbox 1044 2756 1757 2853">
     <span class='ocr_line' id='line_1_87' title="bbox 1044 2756 1757 2804; baseline 0 -11"><span class='ocrx_word' id='word_1_465' title='bbox 1044 2767 1135 2804; x_wconf 87' lang='lat' dir='ltr'>quae</span> <span class='ocrx_word' id='word_1_466' title='bbox 1149 2757 1243 2793; x_wconf 87' lang='lat' dir='ltr'>iuste</span> <span class='ocrx_word' id='word_1_467' title='bbox 1259 2757 1391 2793; x_wconf 87' lang='lat' dir='ltr'>uixisse</span> <span class='ocrx_word' id='word_1_468' title='bbox 1417 2757 1617 2793; x_wconf 84' lang='lat' dir='ltr'>referuntur</span> <span class='ocrx_word' id='word_1_469' title='bbox 1643 2756 1659 2792; x_wconf 95' lang='grc' dir='ltr'>Ι</span> <span class='ocrx_word' id='word_1_470' title='bbox 1676 2758 1757 2800; x_wconf 90' lang='grc'>263,</span> 
     </span>
     <span class='ocr_line' id='line_1_88' title="bbox 1045 2817 1100 2853; baseline 0 0"><span class='ocrx_word' id='word_1_471' title='bbox 1045 2817 1100 2853; x_wconf 90' lang='grc'>20.</span> 
     </span>
    </p>
   </div>
  </div>
 </body>
</html>
