2028 3204
714 229 802 267 liber
833 229 884 266 1v
915 229 966 272 16,
1003 230 1145 273 24-18,
1180 230 1222 265 26
1684 221 1769 264 405

178 353 319 398 oculos
333 353 498 410 prolata
515 356 749 397 uersantur.
780 357 870 396 tam
884 352 1040 396 multas
1054 353 1182 408 igitur
1197 359 1239 396 et
1255 358 1344 396 tam
1359 367 1530 409 magnas
1546 367 1767 410 corporum

179 419 395 476 imagines,
418 419 452 461 si
473 419 617 462 anima
637 431 786 475 corpus
807 422 929 471 esset,
951 431 1097 475 capere
1120 419 1342 474 cogitando
1365 419 1431 462 uel
1451 420 1651 463 memoria
1671 434 1768 463 con-

180 485 353 528 tinendo
378 498 464 528 non
489 489 645 541 posset.
688 484 918 528 secundum
943 487 1062 527 tuam
1087 485 1242 540 quippe
1266 484 1557 528 definitionem
1583 498 1769 540 corporea

179 550 406 594 &abstantia
433 563 510 593 sua
537 562 683 604 corpus
709 550 779 593 hoc
805 549 980 592 exterius
1016 563 1099 592 non
1136 550 1298 593 excedit.
1344 563 1427 606 qua
1455 551 1582 605 igitur
1610 552 1769 606 magni-

181 616 342 668 tudine,
373 628 482 671 quae
512 615 627 659 nulla
657 615 714 658 illi
745 620 822 668 est,
853 615 1054 672 imagines
1084 620 1175 658 tam
1203 628 1451 670 magnorum
1481 629 1703 672 corporum
1725 621 1770 659 et

179 682 412 739 spatiorum
436 686 564 738 atque
590 681 805 738 regionum
829 680 973 737 capit?
1001 681 1101 737 quid
1128 694 1223 736 ergo
1250 682 1414 734 mirum,
1441 681 1476 724 si
1503 685 1547 724 et
1571 682 1663 738 ipsa
1688 683 1768 725 sibi

178 748 222 791 in
241 747 305 791 sui
324 747 508 803 corporis
526 747 799 791 similitudine
817 750 994 803 apparet
1012 750 1056 789 et
1073 746 1243 801 quando
1262 747 1350 789 sine
1369 759 1540 802 corpore
1557 748 1762 804 apparet?

179 826 314 869 neque
337 813 449 856 enim
470 825 566 855 cum
588 826 662 855 suo
685 825 856 869 corpore
878 812 957 856 sibi
978 816 1156 868 apparet
1178 813 1220 855 in
1243 813 1399 855 somnis
1422 817 1466 854 et
1488 816 1630 856 tamen
1654 814 1696 856 in
1717 826 1766 856 ea

180 879 270 935 ipsa
292 879 564 922 similitudine
586 878 768 935 corporis
790 878 854 921 sui
875 878 994 934 quasi
1015 890 1090 934 per
1110 878 1199 921 loca
1218 877 1364 933 ignota
1385 882 1428 920 et
1450 883 1551 921 nota
1572 879 1769 921 discurrit

182 948 226 987 et
257 944 368 987 laeta
400 944 532 987 sentit
563 943 699 987 multa
730 943 795 987 uel
827 944 978 987 tristia.
1028 944 1098 986 sed
1132 949 1249 999 pute,
1283 944 1393 999 quod
1427 957 1500 986 nec
1534 949 1581 986 tu
1613 945 1768 987 audeas

182 1010 318 1054 dicere
341 1009 521 1066 figuram
545 1009 658 1052 illam
682 1009 865 1065 corporis
888 1014 1016 1065 atque
1040 1010 1335 1061 membrorum,
1361 1023 1489 1065 quam
1513 1010 1591 1052 sibi
1616 1010 1770 1053 habere

184 1076 351 1119 uidetur
364 1076 407 1118 in
422 1075 592 1127 somniS‚
608 1088 754 1118 uerum
768 1088 918 1131 corpus
933 1088 1031 1118 esse.
1053 1089 1151 1117 nam
1169 1076 1249 1118 isto
1264 1075 1389 1117 modo
1403 1075 1483 1117 erit
1497 1088 1619 1118 uerus
1634 1089 1766 1127 mons,

183 1154 307 1197 quem
334 1141 412 1184 sibi
436 1141 603 1184 uidetur
623 1141 857 1193 ascendere,
881 1145 924 1184 et
945 1154 1143 1197 corporea
1164 1141 1327 1192 domim,
1351 1154 1479 1196 quam
1501 1141 1577 1183 sibi
1602 1141 1769 1184 uidetur

183 1208 350 1259 intrare,
383 1211 426 1249 et
455 1207 578 1250 arbor
608 1219 705 1249 uera
735 1207 975 1262 lignumque
1007 1219 1151 1249 uerum
1182 1219 1331 1262 corpus
1362 1206 1533 1259 habens,
1576 1207 1654 1249 sub
1686 1219 1770 1262 qua

185 1273 263 1315 sibi
281 1273 450 1316 uidetur
461 1273 608 1324 iacere,
629 1277 671 1314 et
688 1286 799 1328 aqua
815 1285 928 1324 uera,
948 1286 1076 1327 quam
1093 1272 1171 1314 sibi
1190 1272 1359 1315 uidetur
1374 1272 1554 1322 haurire,
1571 1277 1613 1314 et
1626 1273 1769 1314 omnia

186 1339 227 1380 in
250 1338 402 1394 quibus
425 1338 545 1394 quasi
564 1338 806 1394 corporibus
830 1343 1022 1380 uersatur
1040 1351 1215 1393 corpora
1238 1343 1375 1387 erunt,
1392 1337 1425 1379 si
1447 1337 1597 1394 etipsa
1617 1350 1768 1394 corpus

187 1407 265 1454 est,
296 1417 404 1459 quae
434 1404 560 1446 simili
592 1404 772 1458 imagine
803 1404 913 1446 inter
942 1408 1097 1446 cuncta
1127 1402 1198 1446 illa
1228 1408 1433 1446 uersatur.

294 1487 459 1530 XVIII.
486 1488 550 1530 26.
579 1488 640 1530 De
665 1487 909 1544 conscriptis
933 1487 1160 1530 uisionibus
1187 1491 1421 1543 martyrum
1445 1487 1667 1529 dicendum
1691 1487 1771 1532 tibi

185 1557 249 1596 cst
263 1553 435 1609 aliquid,
452 1553 651 1610 quoniam
667 1558 715 1596 tu
733 1553 860 1595 etiam
877 1553 974 1595 inde
991 1553 1281 1595 testimonium
1297 1553 1583 1595 adhibendum
1593 1554 1768 1609 putasti.

188 1632 335 1676 nempe
351 1623 500 1662 sancta
515 1619 723 1675 Perpetua
739 1619 828 1661 uisa
846 1618 923 1660 sibi
941 1623 1004 1662 est
1022 1619 1063 1661 in
1080 1619 1234 1661 somnis
1252 1631 1348 1661 cum
1363 1618 1545 1674 quodam
1565 1619 1769 1674 Aegyptio

185 1685 227 1727 in
253 1685 390 1727 uimm
417 1698 617 1728 conuersa
643 1684 805 1727 luctari.
850 1684 941 1740 quis
969 1688 1109 1727 autem
1135 1684 1303 1727 dubitet
1331 1684 1373 1726 in
1401 1683 1472 1727 illa
1499 1684 1771 1727 similitudine

187 1750 370 1806 corporis
389 1751 574 1794 animam
593 1751 679 1793 eius
698 1750 837 1802 fuisse,
857 1764 939 1792 non
959 1763 1123 1806 corpus,
1142 1749 1253 1805 quod
1273 1750 1418 1805 utique
1437 1750 1480 1791 in
1499 1764 1572 1792 suo
1594 1749 1771 1791 femineo

188 1829 289 1859 sexu
313 1829 486 1859 manens
509 1816 657 1872 sopitis
680 1815 867 1858 sensibus
890 1816 1056 1858 iacebat
1079 1816 1120 1857 in
1145 1815 1303 1867 stratis,
1328 1816 1496 1870 quando
1521 1815 1662 1857 anima
1686 1815 1773 1858 eius

186 1882 229 1925 in
266 1881 337 1925 illa
373 1881 503 1924 uirilis
541 1881 723 1938 corporis
762 1880 1034 1923 similitudine
1072 1880 1344 1923 luctabatur?
1398 1880 1496 1935 quid
1536 1881 1601 1922 hic
1639 1880 1770 1923 dicis?

189 1959 388 1990 uerumne
408 1951 498 1990 erat
516 1959 665 2002 corpus
684 1947 754 1989 illa
772 1946 850 1988 uiri
869 1946 1096 1988 similitudo
1116 1959 1168 1988 an
1187 1959 1269 1987 non
1290 1951 1379 1988 erat
1398 1959 1560 2002 corpus,
1580 1946 1772 2001 quamuis

187 2013 363 2056 haberet
393 2012 708 2054 similitudinem
738 2011 950 2067 corporis?
997 2010 1099 2067 elige
1130 2011 1229 2067 quid
1261 2011 1376 2053 uelis.
1425 2011 1458 2052 si
1490 2023 1637 2066 corpus
1668 2015 1771 2062 erat,

189 2090 263 2120 cur
298 2091 382 2120 non
419 2077 618 2120 seruabat
654 2077 831 2132 uaginae
867 2090 965 2120 suae
1003 2075 1212 2118 formam?
1266 2090 1398 2132 neque
1436 2076 1546 2118 enim
1584 2076 1625 2118 in
1664 2075 1774 2118 illius

292 2213 314 2247 3
330 2210 430 2247 Vinc.
449 2210 571 2246 Victor
627 2210 669 2246 18
685 2210 730 2245 cf·
747 2210 836 2245 Acta
853 2213 1050 2256 martyrum
1066 2209 1119 2245 ed.
1140 2210 1202 2246 Th.
1223 2209 1377 2246 Ruinart
1397 2209 1413 2245 Ι
1432 2210 1472 2245 10
1491 2220 1523 2254 p.
1544 2209 1619 2244 212.
1641 2210 1705 2244 213

294 2308 311 2342 1
339 2317 488 2353 corpora
508 2307 536 2342 C
653 2307 673 2340 2
700 2308 780 2341 avite
802 2306 924 2341 anima
948 2316 1024 2351 exp.
1050 2308 1170 2341 autem
1192 2305 1227 2340 H
1333 2316 1407 2341 esse
1427 2305 1446 2340 l
1556 2306 1723 2340 memorie
1746 2304 1773 2339 C

193 2377 294 2403 recon
312 2366 318 2414 Ι
337 2366 485 2413 tinendo
498 2367 533 2402 H
550 2366 589 2412 (d
606 2377 632 2401 s.
648 2364 715 2410 tin)
731 2364 915 2401 retinendo
926 2365 945 2400 b
1026 2365 1048 2401 3
1064 2365 1195 2412 quippe
1213 2369 1312 2400 tuam
1324 2365 1358 2402 D
1420 2364 1678 2400 diffinitionem
1689 2364 1775 2399 CHl

192 2425 434 2462 diffinitionem
446 2427 478 2462 E
558 2428 578 2462 4
595 2431 649 2462 est
665 2426 819 2462 exterius
831 2425 866 2460 H
949 2425 1192 2472 magnitudini
1203 2426 1235 2460 A
1319 2425 1340 2459 5
1358 2435 1445 2470 pene
1462 2424 1559 2461 nulla
1574 2425 1603 2459 T
1678 2423 1736 2459 illa
1748 2424 1778 2459 C

194 2496 379 2531 corporum
397 2486 502 2522 om.H
554 2486 576 2521 6
593 2496 779 2533 regnorum
795 2484 826 2518 B
838 2483 981 2532 regione
993 2485 1024 2521 T
1075 2483 1221 2531 mirum]
1238 2485 1373 2521 mistim
1386 2484 1415 2520 0
1478 2486 1497 2520 7
1515 2486 1550 2520 in
1569 2482 1720 2518 omsscl
1728 2483 1777 2519 Tb

195 2549 427 2592 et—apparet
442 2545 603 2583 omJlml
679 2547 700 2581 8
716 2545 811 2581 enim
828 2544 923 2591 cum]
938 2548 997 2580 en!
1009 2544 1048 2581 in
1059 2545 1096 2581 H
1171 2545 1193 2580 9
1209 2544 1331 2592 ignota
1347 2544 1423 2579 loca
1435 2544 1453 2578 b
1526 2546 1564 2579 10
1582 2542 1733 2579 tristicia
1746 2542 1778 2576 A

195 2608 237 2642 tu
251 2616 316 2642 nec
328 2605 346 2641 b
400 2605 554 2643 aaudeas
565 2606 595 2642 0
641 2607 680 2642 11
699 2605 728 2641 si
740 2606 769 2641 C'
805 2604 947 2640 uidetur
961 2604 1091 2641 babere
1102 2604 1122 2639 Ι
1180 2607 1220 2640 14
1237 2604 1462 2651 ligneumque
1476 2604 1509 2638 Il
1526 2603 1730 2649 lignumque
1744 2602 1774 2636 T

194 2665 262 2710 (3.1.
278 2665 292 2702 1
307 2665 413 2713 ligni)
483 2666 617 2703 habens
633 2676 759 2711 corpus
770 2666 788 2701 b
858 2664 976 2711 qum
1046 2665 1087 2700 15
1104 2668 1141 2700 et
1157 2664 1262 2700 omli
1331 2665 1445 2700 aurire
1459 2664 1490 2698 D
1564 2664 1605 2698 20
1623 2672 1735 2707 neppe
1747 2661 1776 2696 C

195 2722 349 2772 nemphe
361 2726 397 2761 H
493 2725 563 2763 sibi
579 2725 657 2762 uisa
666 2725 700 2761 D
800 2726 877 2761 uisa
893 2734 935 2760 cx
949 2735 1034 2760 uera
1044 2724 1136 2761 Hml
1254 2724 1290 2760 in
1309 2723 1441 2759 somnis
1457 2727 1512 2757 est
1522 2722 1553 2757 E
1643 2720 1734 2757 coda
1748 2719 1778 2754 B

195 2785 345 2833 egypcio
357 2786 391 2822 A
405 2785 452 2822 ab
467 2785 636 2834 aegyptio
650 2784 747 2821 BCH
762 2784 897 2831 egiptio
907 2785 940 2820 E
1007 2785 1048 2821 21
1066 2783 1207 2820 lactarii
1217 2784 1250 2818 A
1313 2783 1356 2819 22
1373 2782 1546 2818 foemineo
1559 2781 1592 2816 H
1644 2780 1687 2816 23
1701 2790 1779 2816 sen·

195 2855 256 2881 sus
267 2844 301 2880 A
361 2845 406 2882 24
421 2845 453 2882 ic
466 2845 500 2881 A
562 2844 700 2892 abniti]
711 2844 783 2880 ueri
794 2845 826 2880 E
883 2843 1014 2891 'quauis
1026 2844 1057 2880 Ε
1119 2843 1163 2879 26
1179 2842 1244 2879 elie
1256 2843 1290 2878 A
1304 2843 1416 2890 alig-e
1434 2840 1499 2888 0(i
1516 2842 1576 2886 er.)
1640 2839 1736 2887 quod
1747 2840 1779 2876 T
