2028 3204
776 172 862 209 liber
896 171 952 209 111
982 173 1012 214 7,
1047 171 1180 207 21-22
1687 159 1769 204 513

184 302 288 345 haec
316 300 394 344 sibi
421 300 590 344 omnino
618 300 774 344 damna
799 303 844 344 et
871 297 1124 341 detrimenta
1151 303 1194 341 et
1222 303 1403 341 stercora
1431 297 1556 340 fuisse
1585 296 1771 348 dixisset,

186 373 235 411 ut
258 366 469 410 Christum
496 366 768 417 lucrifaceret,
799 364 951 409 adiecit
980 364 1090 408 unde
1119 363 1274 420 agitur:
1306 369 1363 407 et
1393 363 1449 406 in
1467 377 1494 406 u
1510 377 1532 406 e
1550 363 1649 406 nia
1666 376 1684 406 r
1714 363 1770 405 in

187 432 300 476 illo
342 446 457 475 non
490 432 722 476 habens
764 444 946 475 meam
980 429 1316 481 iustitiam,
1354 443 1505 485 quae
1539 443 1606 472 ex
1641 429 1772 486 lege

188 504 294 549 est,
321 498 412 542 sed
438 512 562 542 eam
587 511 738 554 quae
762 502 854 540 est
879 509 981 552 per
1005 495 1193 539 fidem
1219 495 1474 547 Christi,
1502 509 1653 551 quae
1678 499 1770 538 est

187 578 209 607 e
227 578 254 607 x
273 565 300 607 d
317 578 338 607 e
356 579 392 607 o.
426 564 550 607 huius
568 577 662 619 ergo
682 563 867 607 iustitiae
887 562 1193 618 perfectionem,
1216 575 1322 617 quae
1344 574 1425 604 non
1445 561 1522 604 erit
1543 560 1620 603 nisi
1641 561 1683 603 in
1702 560 1774 604 illa

186 630 383 674 eminenti
413 630 586 674 scientia
612 629 776 681 Christi,
805 633 974 684 propter
1002 641 1128 684 quam
1161 628 1238 670 sibi
1267 627 1375 670 dixit
1401 627 1542 671 omnia
1569 627 1771 670 damnum

186 710 285 747 esse,
299 696 483 739 nondum
502 710 544 739 se
561 695 764 751 accepisse
784 695 995 738 confessus
1011 699 1074 737 est
1095 699 1137 737 et
1159 699 1377 749 propterea
1388 694 1573 736 nondum
1583 707 1669 735 esse
1682 706 1771 749 per-

187 762 354 806 fectum.
392 775 615 818 sequor
647 765 862 812 autem,
894 760 1044 816 inquit,
1081 759 1128 802 si
1163 760 1676 815 conprehendam,
1714 759 1771 800 in

187 842 299 884 quo
322 828 829 883 etadprehensus
852 825 1294 870 sumaChristo
1320 826 1468 868 Iesu.
1495 826 1659 868 taleest
1683 825 1770 867 ad-

188 894 573 949 prehendam,
606 893 664 936 in
695 906 808 949 quo
840 897 895 935 et
927 892 1354 948 adprehensus
1388 905 1524 943 sum,
1557 891 1677 947 quale
1707 895 1771 933 est

187 973 565 1016 cognoscam,
592 959 758 1002 sicut
783 963 840 1001 et
864 957 1160 1014 cognitus
1185 971 1320 1000 sum.
1348 956 1768 1012 fratres,inquit‚

187 1040 279 1082 ego
306 1039 381 1068 me
408 1025 604 1081 ipsum
633 1038 734 1067 non
763 1024 1044 1068 arbitror
1073 1023 1584 1079 adprehendisse.
1613 1036 1771 1065 unum

186 1098 386 1135 autem
418 1104 567 1147 quae
598 1096 764 1134 retro
795 1094 938 1133 sunt
971 1090 1229 1141 oblitus,
1263 1089 1321 1132 in
1351 1103 1416 1132 ea
1446 1103 1597 1145 quae
1628 1094 1769 1131 ante

186 1163 329 1201 sunt
372 1161 672 1200 extentus
711 1156 1046 1199 secundum
1082 1155 1507 1198 intentionem
1546 1167 1770 1210 sequor

186 1224 256 1266 ad
287 1223 546 1279 palmam
577 1236 881 1279 supernae
915 1222 1277 1266 uocationis
1313 1221 1407 1264 dei
1441 1222 1490 1263 in
1518 1221 1769 1264 Christo

189 1289 247 1332 Ie
263 1303 281 1332 s
300 1303 338 1332 u.
367 1289 466 1332 ordo
493 1289 713 1332 uerborum
738 1294 800 1331 est
828 1289 972 1331 ‘unum
997 1293 1140 1331 autem
1164 1288 1342 1343 sequor‘.
1372 1288 1422 1330 de
1449 1301 1531 1343 quo
1559 1301 1640 1329 uno
1668 1287 1770 1329 bene

186 1355 436 1409 intellegitur
462 1361 505 1398 et
536 1355 727 1398 dominus
761 1354 1024 1397 admonuisse
1051 1354 1274 1405 Martham,
1308 1353 1379 1396 ubi
1407 1353 1483 1396 ait:
1514 1354 1555 1396 M
1573 1367 1598 1395 a
1614 1366 1633 1394 r
1650 1358 1666 1395 t
1686 1353 1712 1395 h
1731 1367 1768 1403 a,

187 1421 440 1472 Martha,
474 1420 769 1464 sollicita
799 1434 855 1463 es
887 1426 938 1462 et
971 1420 1254 1463 turbaris
1286 1419 1454 1462 circa
1485 1419 1766 1474 plurima.

187 1500 366 1542 porro
392 1500 569 1529 unum
592 1492 684 1530 est
709 1486 1142 1529 necessarium.
1170 1486 1248 1528 hoc
1272 1485 1350 1528 iste
1376 1485 1518 1528 uolens
1543 1485 1770 1540 adprehen-

187 1553 281 1596 dere
322 1559 539 1608 tamquam
593 1552 635 1594 in
694 1553 764 1595 uia
801 1552 1055 1595 constitutus
1099 1551 1215 1607 sequi
1257 1565 1299 1594 se
1343 1551 1451 1593 dixit
1491 1551 1545 1593 ad
1586 1551 1770 1606 palmam

185 1632 385 1674 supernae
426 1617 657 1661 uocationis
697 1618 762 1660 dei
811 1617 853 1660 in
893 1618 1054 1661 Christo
1090 1618 1194 1660 Iesu.
1235 1617 1326 1673 quis
1366 1622 1509 1660 autem
1534 1622 1766 1667 cunctetur,

184 1698 278 1727 cum
330 1684 409 1727 hoc
461 1684 573 1739 quod
627 1684 741 1740 sequi
805 1697 846 1726 se
891 1683 1109 1727 adseuerat
1153 1683 1483 1739 adprehenderit,
1529 1688 1631 1725 tunc
1674 1696 1770 1725 eum

186 1750 425 1793 habiturum
480 1749 682 1793 iustitiam
731 1749 947 1805 aequalem
994 1749 1179 1792 iustitiae
1227 1754 1466 1792 sanctorum
1514 1749 1768 1804 angelorum,

187 1829 363 1871 quorum
384 1816 589 1859 neminem
610 1815 770 1872 utique,
792 1828 843 1859 ne
873 1815 1160 1871 magnitudine
1193 1815 1496 1858 reuelationum
1529 1815 1767 1865 extollatur,

186 1887 356 1925 satanae
396 1882 563 1938 angelus
606 1882 869 1937 colaphizat?
913 1882 1060 1924 deinde
1102 1881 1327 1924 admonens
1368 1894 1436 1924 eos
1482 1881 1552 1936 qui
1601 1885 1770 1935 possent

186 1947 294 1990 illius
320 1947 505 1990 iustitiae
531 1947 786 2002 plenitudine
819 1947 902 1989 iam
936 1960 977 1989 se
1014 1952 1160 2002 putare
1191 1947 1413 2002 perfectos:
1454 1960 1480 2002 q
1499 1960 1524 1988 u
1543 1960 1566 1988 o
1584 1952 1602 1988 t
1620 1960 1646 2001 q
1665 1960 1690 1987 u
1709 1960 1732 1988 o
1751 1951 1769 1988 t

187 2026 339 2068 ergo,
397 2012 546 2068 inquit,
603 2013 887 2068 perfecti,
951 2013 1058 2056 hoe
1113 2012 1425 2068 sapiamus
1460 2038 1511 2042 —
1550 2017 1770 2067 tamquam

292 2200 306 2233 1
327 2197 370 2233 cf.
390 2197 479 2233 Phil.
498 2199 532 2240 3,
546 2199 577 2234 7.
595 2199 617 2233 8
746 2199 766 2233 2
784 2198 872 2235 Phil.
891 2199 924 2240 3,
941 2198 962 2233 9
1091 2199 1111 2234 8
1130 2197 1220 2235 Phil.
1238 2199 1271 2240 3,
1290 2198 1331 2234 12
1461 2200 1501 2234 11
1522 2198 1539 2234 Ι
1556 2198 1630 2235 Cor.
1651 2198 1703 2239 13,
1724 2198 1765 2233 12

187 2257 277 2294 Phil.
295 2258 392 2299 3‚13.
407 2259 449 2293 14
512 2259 551 2294 17
568 2257 653 2294 Luc.
673 2259 723 2300 10,
736 2260 788 2293 41.
802 2258 845 2294 42
906 2258 949 2294 24
966 2257 1009 2294 cf.
1030 2258 1067 2294 11
1084 2258 1158 2294 Cor.
1179 2258 1233 2301 12,
1251 2260 1270 2294 7
1333 2258 1375 2294 26
1392 2257 1481 2295 Phil.
1499 2259 1532 2301 3,
1545 2259 1587 2294 15

289 2378 303 2412 1
323 2376 388 2412 hoc
401 2376 464 2412 OB
526 2377 546 2412 2
561 2376 657 2413 unde
672 2378 792 2423 agitur
805 2378 926 2414 ome
984 2378 1135 2424 igiturV
1198 2377 1250 2424 et]
1264 2382 1307 2415 ut
1325 2378 1355 2413 B
1417 2378 1438 2413 3
1454 2378 1633 2415 iustitiam
1651 2389 1767 2413 meam

187 2434 326 2471 DEde
427 2438 447 2472 7
463 2437 637 2482 accepisse
652 2448 689 2473 se
706 2438 724 2473 b
823 2439 845 2474 8
860 2449 906 2474 se.
925 2438 1022 2485 Quor
1032 2438 1063 2473 V
1168 2438 1433 2484 apprehendam
1451 2438 1490 2473 bd
1581 2438 1602 2472 9
1617 2437 1652 2483 a]
1669 2449 1715 2472 an
1734 2437 1764 2471 Β

188 2495 230 2531 10
241 2495 455 2541 apprehesus
466 2496 499 2531 D
543 2500 599 2534 est
612 2495 743 2533 om.EF
788 2495 826 2533 11
840 2501 878 2534 et
892 2498 1139 2544 eognoscamo
1185 2499 1227 2534 12
1244 2499 1380 2534 arbitor
1391 2499 1420 2535 Ο
1466 2491 1721 2544 cong-:hendisse
1733 2496 1763 2531 V

190 2555 232 2591 13
248 2558 334 2593 sunt
342 2556 472 2592 σπι-ΟΒ
537 2559 581 2594 14
595 2556 788 2593 secundum
805 2558 1049 2594 extensionem
1059 2557 1122 2593 EF
1198 2559 1239 2595 18
1255 2558 1373 2596 sollita
1386 2559 1415 2594 O
1481 2557 1587 2604 circa]
1604 2568 1685 2603 erga
1698 2556 1765 2591 BD

187 2615 231 2651 20
248 2614 445 2652 constituas
455 2615 487 2651 V
556 2617 596 2653 21
609 2619 685 2662 post
698 2626 775 2652 uoc.
792 2627 877 2654 eras.
894 2617 969 2655 ino
1048 2618 1200 2665 christo]
1212 2609 1320 2656 ‹iffio
1385 2618 1427 2654 22
1439 2617 1721 2663 adprehenderet
1731 2615 1763 2651 V

188 2674 398 2712 habiturum
421 2686 504 2712 eum
523 2675 662 2712 DEde
751 2676 795 2714 24
814 2687 964 2724 quorum
979 2679 1075 2715 om.O
1174 2678 1217 2714 25
1232 2677 1437 2715 colaficauit
1452 2678 1481 2714 Ο
1507 2676 1716 2714 colafizabit
1734 2675 1766 2711 B

187 2734 325 2780 possint
335 2734 366 2770 V
407 2736 451 2771 26
461 2735 757 2782 plenitudinemO
797 2749 833 2773 se
844 2741 970 2784 putare
986 2748 1028 2774 ex
1037 2738 1239 2784 sepulturae
1248 2740 1276 2776 Ο
1316 2739 1505 2784 quodquot
1515 2737 1545 2772 V
1587 2737 1629 2773 27
1645 2736 1765 2784 inquit

185 2804 250 2830 om.
256 2792 320 2829 EF
378 2798 563 2842 tamquam
578 2796 608 2833 si
623 2795 687 2832 EF

262 2864 326 2895 Lx.
348 2865 468 2901 August.
488 2866 562 2895 vm
582 2875 648 2902 pm
668 2867 692 2897 1.
713 2867 791 2896 Vrbs
810 2871 840 2896 et
859 2868 966 2903 zyohn.
1651 2870 1696 2907 33
