1976 3210
163 950 203 979 10

163 1279 200 1309 ¹5

159 1610 201 1640 20

159 1939 201 1970 25

780 217 868 254 iiber
898 217 954 253 111
982 219 1014 259 7,
1044 218 1165 260 13—8,
1197 218 1239 254 16
1388 195 1393 199 ’
1729 208 1802 251 141

338 345 400 387 14.
431 344 546 387 Haec
562 357 644 386 non
661 343 753 386 ideo
782 342 1118 394 commemoraui,
1147 343 1260 398 quod
1275 343 1586 398 disputatorum
1614 356 1810 399 quorum·

230 409 334 453 libet
350 410 567 453 sententiis
584 414 803 465 tamquam
821 409 1021 452 eano‘nica
1038 409 1291 452 auctoritate
1309 409 1506 460 nitamur,
1525 409 1598 452 sed
1616 413 1664 452 ut
1681 423 1809 465 appa-

231 481 321 519 reat
336 476 389 519 ab
403 477 523 519 initio
538 489 670 532 usque
683 476 739 519 ad
753 488 947 531 praesens
961 479 1140 531 tempus,
1157 488 1239 530 quo
1255 475 1336 518 ista
1351 475 1518 518 nouitas
1533 480 1625 518 orta
1640 480 1715 526 est,
1732 476 1809 518 hoc

230 543 282 586 de
293 542 482 598 originali
495 547 666 598 peceato
682 542 795 597 apud
806 541 999 584 ecelesiae
1013 541 1140 584 fidem
1153 545 1275 584 tanta
1285 541 1524 584 constantia
1536 541 1807 592 custoditum,

231 612 280 651 ut
305 609 358 652 ab
383 609 452 660 eis,
474 609 545 664 qui
565 608 774 651 dominica
799 612 1031 650 tractarent
1057 607 1233 662 eloquia,
1260 607 1392 663 magis
1417 607 1691 650 certissimum
1718 621 1810 663 pro-

231 675 406 717 ferretur
430 675 485 717 ad
509 674 591 717 alia
615 674 719 716 falsa
743 674 967 716 refutanda
993 686 1119 729 quam
1146 674 1188 716 id
1214 678 1431 729 tamquam
1459 673 1610 716 falsum
1636 674 1810 716 refutari

231 740 284 784 ab
324 741 462 796 aliquo
502 744 791 796 temptaretur.
838 744 1022 782 ceterum
1056 740 1098 782 in
1128 740 1284 782 sanetis
1313 739 1522 782 canonicis
1552 740 1668 782 libris
1697 740 1810 795 uiget

231 807 354 850 huius
365 807 595 849 sententiae
606 806 833 849 clarissima
845 810 886 848 et
897 806 1135 862 plenissima
1147 806 1388 849 auctoritas.
1406 805 1561 848 clamat
1576 805 1807 862 apostolus:

232 886 317 928 per
353 886 509 916 unum
544 872 797 916 hominem
836 877 1101 928 peecatum
1136 870 1359 914 intrau'it
1393 872 1443 914 in
1481 872 1726 915 mundum
1762 876 1809 914 et

231 952 316 994 per
341 944 605 994 peecatum
631 951 759 980 mors
795 943 843 980 et
875 938 947 980 ita
969 938 1019 981 in
1044 951 1215 980 omnes
1238 938 1466 981 homines
1492 938 1807 993 pertransiit,

230 1005 280 1048 in
311 1018 408 1060 quo
436 1017 606 1047 omnes
637 1009 995 1060 peccauerunt.
1029 1004 1138 1046 unde
1159 1018 1234 1046 nec
1254 1004 1356 1047 illud
1377 1004 1532 1060 liquide
1553 1005 1635 1047 diei
1656 1008 1807 1060 potest,

230 1072 342 1127 quod
365 1076 583 1127 peceatum
606 1071 722 1113 Adae
753 1071 880 1113 etiam
908 1084 990 1113 non
1013 1070 1282 1126 peccantibus
1305 1070 1462 1121 nocuit,
1485 1085 1580 1113 eum
1603 1071 1810 1126 scriptura

230 1137 363 1180 dieat:
390 1138 440 1180 in
470 1150 567 1192 quo
594 1149 765 1179 omnes
794 1141 1151 1192 peccauerunt.
1190 1150 1264 1179 nee
1283 1137 1340 1179 sic
1360 1136 1556 1179 dicuntur
1576 1137 1655 1179 ista
1675 1136 1808 1179 aliena

229 1209 413 1259 peccata,
430 1209 648 1258 tamquam
671 1203 839 1245 omnino
863 1203 917 1245 ad
938 1202 1134 1258 paruulos
1156 1216 1239 1244 non
1262 1203 1499 1258 pertineant
1516 1227 1568 1232 —
1588 1203 1622 1244 si
1640 1203 1808 1258 quidem

229 1270 271 1312 in
294 1270 429 1312 Adam
453 1283 594 1312 omnes
616 1274 717 1311 tune
739 1274 1029 1324 peccauerunt,
1055 1269 1222 1324 quando
1245 1269 1286 1311 in
1310 1269 1396 1311 eius
1419 1274 1571 1311 natura
1592 1268 1661 1311 illa
1684 1269 1807 1310 insita

230 1335 284 1387 ui,
312 1349 393 1391 qua
421 1349 488 1378 eos
512 1335 677 1390 gignere
702 1340 882 1390 poterat,
910 1335 1046 1377 adhue
1073 1348 1214 1377 omnes
1241 1335 1305 1377 ille
1333 1349 1439 1377 unus
1465 1335 1633 1377 fuerunt
1646 1360 1709 1385 —-,
1737 1334 1809 1376 sed

229 1402 426 1444 dicuntur
440 1402 585 1452 aliena,
599 1401 697 1456 quia
708 1401 893 1444 nondum
904 1401 984 1457 ipsi
995 1401 1176 1456 agebant
1188 1401 1297 1443 uitas
1309 1401 1510 1456 proprias,
1523 1401 1595 1443 sed
1607 1400 1806 1456 quiequid

230 1472 320 1510 erat
344 1468 384 1510 in
410 1468 553 1510 futura
577 1468 803 1523 propagine
827 1467 917 1509 uita
941 1467 1062 1510 unius
1086 1467 1266 1510 hominis
1289 1467 1544 1510 continebat.

337 1533 453 1576 VIII.
477 1533 537 1576 15.
560 1533 700 1584 Nulla,
715 1533 922 1587 inquiunt,
937 1534 1092 1575 ratione
1110 1533 1345 1584 conceditur,
1365 1537 1408 1574 ut
1426 1533 1535 1583 deus,
1555 1533 1625 1586 qui
1642 1532 1808 1586 propria

229 1604 387 1653 peecata
407 1599 580 1650 remittit,
604 1599 760 1653 inputet
780 1599 925 1641 aliena.
962 1599 1155 1650 remittit,
1177 1600 1250 1642 sed
1270 1599 1418 1655 spiritu
1440 1599 1703 1654 regeneratis,
1725 1611 1807 1640 non

229 1678 351 1708 earne
371 1666 596 1721 generatis;
635 1665 805 1721 inputat
827 1678 925 1707 uero
957 1679 1039 1708 non
1071 1665 1157 1707 iam
1189 1665 1337 1716 aliena,
1361 1665 1434 1707 sed
1456 1665 1634 1721 propria.
1675 1664 1808 1707 aliena

230 1731 384 1787 quippe
405 1736 535 1782 erant,
558 1732 726 1795 quando
748 1731 790 1774 hi
811 1731 883 1786 qui
903 1745 951 1774 ea
971 1736 1204 1787 propagata
1224 1736 1441 1787 portarent
1461 1731 1648 1773 nondum
1670 1735 1807 1780 erant;

228 1810 338 1839 nune
363 1811 460 1839 uero
489 1797 644 1840 carnali
672 1797 937 1853 generatione
962 1798 1044 1840 iam
1061 1811 1203 1840 eorum
1219 1802 1330 1843 sunt.
1348 1797 1499 1853 quibus
1522 1798 1706 1839 nondum
1729 1796 1809 1851 spi—

228 1863 340 1906 ritali
368 1863 676 1919 regeneratione
705 1863 876 1906 dimissa
904 1868 1014 1906 sunt.

337 1930 398 1972 16.
440 1929 522 1973 Sed
539 1930 578 1972 si
594 1929 830 1983 baptismus,
850 1929 1058 1984 inquiunt,
1077 1929 1245 1972 mundat
1263 1930 1473 1983 antiquum
1491 1929 1594 1971 illud
1611 1928 1808 1978 delictum,

228 1995 299 2048 qui
313 1994 359 2038 de
374 1995 526 2038 duobus
541 1995 753 2050 baptizatis
768 1996 858 2038 nati
871 1995 1022 2048 suerint
1037 1995 1172 2038 debent
1187 1995 1258 2041 hoc
1273 2008 1402 2037 carere
1417 1999 1584 2049 peceato.
1598 2008 1680 2036 non
1700 1994 1805 2036 enim

228 2064 440 2114 potuerunt
458 2061 510 2103 ad
531 2066 705 2115 posteros
729 2062 1003 2113 transmittere,
1030 2061 1133 2115 quod
1156 2061 1243 2115 ipsi
1265 2061 1434 2103 minime
1458 2060 1689 2103 habuerunt.
1718 2073 1809 2103 eece

320 2204 342 2239 9
361 2204 462 2239 Rom.
481 2205 514 2246 5,
534 2205 576 2240 12
707 2204 750 2241 19
767 2204 939 2251 Pelagius,
957 2204 1002 2240 cf.
1019 2215 1053 2251 p.
1070 2205 1146 2246 132,
1165 2206 1206 2240 13
1333 2205 1375 2240 25
1394 2203 1567 2250 Pelagius,
1581 2203 1626 2238 cf.
1642 2215 1675 2250 p.
1694 2204 1770 2244 132,
1787 2204 1805 2238 ’ἲ

229 2263 271 2299 26
289 2263 333 2299 cf.
351 2264 481 2299 Contra
498 2263 675 2300 Iulianum
695 2264 766 2300 Pel.
783 2264 833 2300 VI
850 2265 882 2306 7,
898 2264 940 2300 18
955 2264 1090 2309 (XLIV
1105 2265 1172 2301 833
1187 2264 1238 2309 M)

321 2361 344 2396 3
360 2360 455 2406 quod
467 2361 500 2395 A
576 2361 680 2396 horta
690 2361 831 2396 LSGml
907 2362 930 2397 5
947 2361 1179 2407 profereturS
1266 2362 1287 2396 6
1305 2360 1432 2404 taliaL
1449 2359 1536 2395 talia
1544 2360 1670 2395 SVPG
1687 2360 1755 2395 alia
1767 2360 1807 2394 M

229 2418 336 2463 falsas
350 2419 382 2454 P
401 2423 509 2455 eausa
518 2421 562 2456 M
639 2420 831 2456 refutanda
840 2421 883 2456 M
966 2422 985 2456 7
1005 2420 1093 2456 alico
1106 2421 1194 2456 Vm]
1281 2424 1493 2456 temtaretur
1503 2420 1560 2456 LS
1635 2421 1657 2455 9
1671 2420 1769 2454 hunss
1781 2420 1809 2454 L

231 2481 270 2515 11
288 2478 422 2525 liquide
431 2480 461 2515 L
477 2479 621 2526 quidem
631 2481 675 2516 M
810 2481 853 2517 12
866 2480 975 2516 adeae
987 2480 1019 2515 V
1162 2482 1204 2517 13
1217 2479 1305 2516 dicit
1315 2481 1399 2516 Lml
1557 2479 1607 2515 sie
1619 2480 1654 2525 (c
1666 2480 1735 2524 s.l.)
1746 2479 1810 2514 LP

230 2538 274 2574 15
286 2540 374 2574 tunc
385 2549 505 2574 omnes
520 2540 553 2575 A
696 2539 845 2576 insitaui
856 2551 966 2586 quaes
980 2540 1150 2576 Lmlel
1165 2539 1275 2575 insita
1290 2540 1326 2575 ui
1340 2551 1411 2586 qua
1425 2551 1462 2575 os
1473 2539 1535 2575 SV
1557 2539 1703 2574 insitaui
1719 2549 1808 2584 quae

229 2608 288 2633 eos
298 2598 342 2634 M
355 2597 464 2635 insita
474 2598 557 2635 uiin
573 2610 644 2645 qua
655 2609 712 2635 eos
726 2599 814 2635 Pml
830 2599 885 2635 uis
899 2599 1009 2635 insita
1024 2599 1093 2635 fuit
1103 2611 1175 2646 qua.
1190 2609 1247 2635 eos
1259 2600 1291 2635 A
1308 2599 1415 2635 insita
1430 2603 1449 2634 e
1464 2599 1518 2635 uis
1533 2599 1569 2634 in
1586 2610 1657 2644 qua
1672 2609 1728 2632 eos
1744 2598 1809 2642 (sic

229 2667 312 2694 σοπ.
328 2668 373 2694 m.
389 2659 468 2705 rec.)
481 2658 514 2694 P
532 2658 642 2694 insita
655 2658 693 2694 in
709 2670 780 2705 qua
795 2669 852 2695 eos
864 2659 883 2694 b
975 2660 1018 2696 16
1032 2658 1084 2695 illi
1097 2670 1218 2695 omnes
1230 2660 1264 2695 A
1343 2659 1396 2695 illi
1409 2659 1501 2695 KmZ
1583 2659 1624 2694 17
1639 2656 1814 2704 quidquid

228 2717 446 2755 LmzsoGM
489 2718 531 2755 18
543 2717 696 2755 insitura
704 2719 788 2755 Sm1
837 2718 975 2755 uith
990 2718 1069 2755 uita
1078 2720 1111 2755 A
1160 2719 1203 2755 19
1215 2718 1407 2755 traditione
1417 2719 1510 2754 Kml
1558 2719 1601 2753 20
1611 2716 1764 2752 dimittit
1775 2717 1808 2751 A

229 2775 345 2813 aliena
354 2788 419 2814 om.
434 2777 522 2814 le
567 2777 722 2814 remittit
731 2789 816 2815 eras.
830 2778 862 2814 V
906 2778 1180 2825 regenerationis
1191 2779 1235 2815 M
1281 2779 1324 2814 22
1338 2778 1389 2814 hii
1401 2779 1466 2814 VA
1512 2780 1641 2822 postea
1651 2787 1729 2822 exp.
1744 2774 1806 2822 qui

230 2846 294 2883 pro
307 2836 344 2872 Κ
434 2836 622 2884 propagati
631 2837 717 2874 Lm⁴2
807 2839 851 2874 25
869 2838 952 2886 Sed]
965 2838 1003 2875 Si
1015 2839 1047 2874 A
1139 2839 1181 2874 26
1200 2830 1276 2874 fue}
1287 2838 1323 2873 K
