2028 3204
748 252 823 290 esp.
859 242 914 284 52,
943 241 1087 283 60-54,
1118 241 1161 277 63
1670 230 1750 274 279

167 370 290 414 libe
310 384 368 413 ra
434 384 537 413 nos
583 384 609 412 a
669 369 837 412 malo.
885 368 920 410 si
950 369 1068 411 adest
1101 367 1353 424 possibilitas
1386 374 1431 410 ut
1466 367 1564 424 quid
1597 367 1752 411 orant?

165 441 241 480 aut
256 450 279 479 a
298 449 379 493 quo
397 436 506 478 malo
523 449 565 477 se
581 434 747 477 liberari
762 440 884 477 orant
910 434 989 476 nisi
1013 434 1194 476 maxime
1225 435 1251 476 d
1271 448 1291 476 e
1323 448 1345 476 o
1362 448 1385 476 o
1404 447 1424 475 r
1441 448 1466 489 p
1484 448 1507 474 o
1528 447 1546 475 r
1561 447 1582 476 e
1616 447 1655 475 m
1674 447 1698 477 o
1717 447 1753 475 r-

166 502 250 546 tis
282 502 477 548 huius,
511 501 620 544 unde
647 515 729 543 non
757 500 1002 543 liberatnisi
1032 499 1241 555 gratia
1283 499 1381 542 dei
1418 513 1521 555 per
1555 499 1750 542 Iesum

165 568 237 610 ch
259 567 420 610 ristu
439 581 481 609 m
512 566 714 609 domin
734 580 820 609 um
851 565 1428 621 n‹›strum?n0nutique
1445 566 1496 608 de
1513 565 1749 608 substantia

165 634 360 689 eorporis,
384 647 490 689 quae
512 633 622 675 bona
642 639 718 683 est,
741 632 810 675 sed
833 632 885 674 de
907 631 1020 674 uitiis
1041 630 1292 681 carnalibus,
1317 632 1425 673 unde
1446 645 1528 674 non
1550 631 1754 674 liberatur

165 700 289 742 honio
307 699 395 742 sine
411 698 548 755 gratia
566 698 787 741 saluatoris
807 712 879 740 nec
900 697 1067 753 quando
1088 711 1160 753 per
1178 703 1354 739 mortem
1373 696 1557 752 eorporis
1575 697 1750 740 discedit

165 780 189 808 a
209 779 392 821 corpore.
430 771 471 807 et
491 765 569 807 hoc
589 770 637 807 ut
656 764 811 807 diceret
832 764 1060 819 apostolus,
1083 763 1182 819 quid
1204 777 1329 818 supra
1350 762 1546 805 dixerat?
1568 777 1594 805 ιι
1613 762 1626 804 i
1643 764 1667 804 d
1688 778 1709 805 e
1727 777 1750 804 o

165 831 347 874 aliam
405 832 594 886 legem
648 830 704 873 in
759 829 1044 872 membris
1099 829 1244 870 meis
1302 835 1749 884 repugnantem

169 897 288 953 legi
334 896 559 940 mentis
605 910 765 938 meae
826 901 882 938 et
929 895 1251 951 captiuum
1298 909 1377 937 me
1423 896 1749 937 dueentem

166 963 219 1005 in
256 963 385 1015 lege
423 961 686 1018 peceati,
726 975 877 1018 quae
915 967 1006 1004 est
1046 961 1101 1003 in
1140 961 1427 1003 membris
1460 959 1618 1002 meis
1658 974 1750 1003 ecee

166 1030 275 1084 quod
315 1028 465 1071 uitium
503 1033 678 1071 naturae
715 1028 923 1070 humanae
962 1026 1269 1069 inoboedientia
1310 1026 1540 1069 uoluntatis
1580 1026 1748 1069 inflixit.

165 1108 280 1136 orare
314 1094 488 1139 sinatur.
525 1098 571 1137 ut
605 1100 787 1136 sanetur.
840 1092 939 1149 quid
973 1098 1142 1135 tantum
1176 1093 1227 1135 de
1262 1098 1437 1135 naturae
1472 1092 1749 1147 possibilitate

166 1160 475 1216 praesumitur?
500 1159 732 1210 uulnerata,
757 1159 957 1209 sauciata,
984 1164 1150 1205 uexata.
1177 1158 1341 1214 perdita
1364 1164 1446 1200 est?
1472 1172 1567 1200 uera
1592 1158 1750 1200 confes-

164 1225 290 1272 sione.
322 1240 403 1268 non
435 1226 537 1269 falsa
566 1225 804 1268 defensione
834 1238 937 1280 opus
966 1225 1107 1267 habet.
1153 1224 1287 1279 gratia
1318 1238 1412 1280 ergo
1443 1223 1524 1271 dei,
1554 1238 1636 1266 non
1667 1237 1749 1279 qua

164 1291 423 1342 instituatur,
450 1293 520 1334 sed
550 1306 631 1349 qua
662 1291 922 1340 restituatur,
945 1295 1189 1346 quaeratur;
1223 1304 1328 1345 quae
1359 1290 1412 1332 ab
1444 1289 1523 1331 isto
1555 1290 1640 1331 sola
1672 1289 1754 1332 cla-

166 1363 305 1400 matur
345 1372 425 1400 non
456 1372 542 1400 esse
580 1357 822 1406 necessaria,
862 1370 956 1399 oum
986 1361 1161 1398 tacetur.
1209 1356 1281 1412 qui
1308 1356 1342 1397 si
1371 1355 1539 1398 omnino
1570 1355 1669 1397 nihil
1698 1356 1749 1397 (le

163 1423 296 1473 gratia
320 1424 385 1465 dei
406 1423 561 1466 diceret
583 1437 657 1466 nec
683 1437 774 1465 eam
806 1422 1091 1477 quaestionem
1114 1422 1357 1465 soluendam
1380 1421 1459 1463 sibi
1484 1426 1747 1476 proponeret,

165 1495 211 1531 ut
246 1504 269 1531 a
299 1504 340 1531 se
370 1490 420 1531 de
449 1490 526 1532 hae
556 1503 598 1532 re
628 1488 828 1532 inuidiam
860 1493 1103 1538 remoueret,
1135 1493 1274 1543 posset
1304 1487 1444 1543 putari
1473 1487 1549 1529 hoc·
1580 1487 1748 1543 quidem

163 1555 327 1602 sentire,
352 1556 461 1611 quod
485 1555 638 1598 ueritas
658 1555 800 1603 habet,
823 1554 893 1596 sed
915 1568 997 1596 non
1019 1553 1184 1603 dixisse,
1208 1554 1304 1610 quia
1327 1568 1409 1596 non
1432 1554 1584 1608 ubique
1607 1553 1746 1595 omnia

163 1620 337 1663 dicenda
364 1627 474 1663 sunt.
519 1621 734 1677 proposuit
760 1621 811 1662 de
835 1620 971 1675 gratia
999 1620 1298 1676 quaestionem,
1327 1620 1366 1662 id
1394 1619 1609 1675 respondit
1636 1619 1746 1675 quod

163 1687 346 1729 habebat
384 1687 422 1729 in
459 1688 601 1737 eorde;
653 1686 829 1729 definita
866 1686 1054 1742 quaestio
1091 1692 1167 1733 est,
1205 1700 1287 1728 non
1325 1699 1451 1741 quam
1488 1685 1745 1729 uolebamus.

164 1753 232 1794 sed
266 1753 336 1795 ubi
366 1753 463 1808 quid
495 1753 667 1795 sentiret
697 1752 1010 1795 dubitabamus.

272 1818 377 1861 LIV.
417 1820 479 1861 63.
535 1819 694 1861 Deinde
732 1818 874 1861 m'ultis
912 1817 1047 1859 uerbis
1085 1817 1264 1873 apostoli
1301 1823 1479 1859 conatur
1515 1817 1745 1866 ostendere,

164 1885 272 1926 unde
298 1898 379 1926 non
405 1890 466 1926 est
492 1884 789 1934 controuersia,
818 1884 942 1940 ‘quod
968 1897 1063 1925 earo
1088 1884 1141 1926 ab
1168 1883 1235 1925 illo
1262 1883 1319 1925 ita
1345 1897 1468 1938 saepe
1494 1882 1745 1931 nominetur,

165 1955 211 1992 ut
236 1950 337 1992 uelit
364 1950 545 2006 intellegi
568 1964 651 1993 non
676 1949 973 1998 substantiam,
1014 1950 1084 1991 sed
1111 1963 1235 2004 opera
1261 1949 1424 1991 carnis‘.
1467 1948 1566 2004 quid
1592 1949 1669 1990 hoe
1694 1949 1746 1990 ad

165 2015 281 2057 rem?
330 2015 435 2058 uitia
467 2016 601 2058 earnis
634 2015 843 2058 contraria
875 2019 972 2057 sunt
1007 2014 1218 2057 uoluntati
1249 2014 1447 2064 hominis3
1482 2028 1562 2056 non
1597 2019 1747 2055 natura

163 2087 396 2131 accusatur,
423 2082 494 2123 sed
521 2081 634 2124 uitiis
661 2081 844 2124 medicus
873 2080 1098 2136 quaeritur.
1143 2079 1243 2136 quid
1269 2085 1331 2122 est
1359 2081 1469 2134 quod
1499 2080 1746 2134 interrogat:

163 2146 254 2200 quis
282 2147 375 2198 fecit
402 2146 559 2189 homini
581 2146 804 2201 spiritum?
836 2152 877 2188 et
910 2147 1133 2201 respondet
1164 2146 1262 2188 sibi:
1294 2145 1383 2187 sine
1412 2145 1532 2187 dubio
1563 2144 1671 2187 deus.
1705 2150 1750 2186 et.

163 2211 262 2254 item
299 2212 546 2266 interrogat:
587 2226 745 2256 carnem
787 2212 878 2266 quis
912 2211 1092 2255 creauit?
1128 2212 1312 2268 itemque
1348 2212 1590 2267 respondet:
1627 2210 1743 2254 idem.

162 2277 285 2327 credo,
311 2278 419 2321 cle-us.
450 2279 677 2333 interrogat
705 2278 849 2321 tertio:
879 2277 1004 2321 bonus
1031 2282 1086 2320 est
1112 2278 1183 2332 qui
1209 2282 1419 2331 utrumque
1445 2277 1595 2319 created
1621 2275 1748 2317 deus?

257 2410 277 2444 2
295 2409 395 2444 Rom.
415 2410 447 2449 7,
466 2411 518 2445 24.
541 2410 583 2445 25
674 2410 693 2444 7
712 2410 814 2444 Rom.
832 2411 863 2450 7,
883 2411 925 2445 23
1003 2411 1057 2445 24.
1076 2410 1118 2445 28
1136 2407 1296 2455 Pelagius

258 2505 273 2539 1
293 2505 386 2540 molo
400 2505 431 2540 E
531 2505 552 2540 2
568 2505 692 2540 mortis
704 2517 769 2541 om.
778 2505 807 2539 B
904 2505 926 2540 5
941 2505 986 2541 de
1004 2503 1101 2541 uitiis
1119 2515 1162 2540 ex
1177 2503 1312 2540 diuitiis
1330 2503 1360 2538 R
1447 2502 1638 2538 carnilibus
1655 2503 1740 2537 Dml

164 2561 187 2598 6
199 2561 378 2607 discendit
391 2565 459 2609 (pr.
476 2564 488 2599 i
505 2575 547 2600 ex
561 2565 596 2610 e)
607 2564 638 2600 V
759 2566 779 2600 7
797 2564 928 2600 dixerit
943 2565 973 2600 B
1109 2566 1130 2599 8
1146 2563 1232 2600 meis
1250 2573 1276 2597 s.
1289 2564 1310 2599 l.
1329 2563 1449 2599 Vmss’E
1579 2563 1621 2598 10
1637 2561 1743 2607 legiB

165 2623 208 2660 13
223 2622 483 2668 uulneratum
497 2625 612 2667 s.l.)D
687 2624 904 2660 confessione
926 2626 986 2671 (ne
1009 2625 1125 2667 s.l.)D
1213 2624 1255 2660 16
1279 2626 1441 2659 tace-tur
1460 2623 1492 2658 E
1583 2621 1689 2657 nichil
1714 2622 1744 2656 B

166 2673 326 2729 (semper)
418 2685 461 2720 18
475 2695 498 2720 a
514 2695 550 2720 se
568 2683 689 2720 era-§.V
782 2684 850 2720 hoe
864 2675 898 2726 (c
913 2684 1031 2728 s.1.)R
1120 2684 1166 2720 20
1181 2683 1372 2730 respondet
1383 2683 1400 2718 b
1478 2684 1517 2718 21
1535 2681 1742 2717 nolebamus

168 2732 225 2783 (in
232 2753 298 2789 my.
308 2744 366 2780 m2
378 2744 521 2787 uolobss)
534 2743 565 2779 V
670 2745 713 2780 23
728 2744 873 2792 apostili
886 2744 916 2780 V
1019 2744 1063 2780 25
1078 2742 1290 2790 intellegid'
1306 2742 1455 2788 intelligi
1471 2742 1500 2776 B
1603 2742 1645 2776 27
1662 2740 1742 2786 quis

165 2801 198 2846 (s
212 2812 240 2838 ε.
259 2813 342 2839 oms.
362 2802 402 2846 d)
415 2804 447 2839 D
549 2804 594 2840 28
608 2803 761 2840 hominis
772 2804 858 2840 eme
965 2805 1008 2840 29
1024 2804 1116 2841 itero
1131 2795 1259 2846 (s.l.m2
1274 2803 1287 2839 ι
1304 2803 1406 2844 item>
1422 2802 1450 2837 ν
1558 2800 1740 2848 respondit

165 2859 200 2907 (e
217 2871 246 2897 ο.
262 2861 359 2906 im1)
371 2863 402 2899 V
488 2862 582 2899 idem
599 2863 781 2906 om.V,s.1.
793 2864 826 2900 E
843 2862 971 2901 ioemC
