2028 3204
726 205 812 243 liber
839 206 874 242 11
908 208 939 248 l,
957 207 1057 248 1-2,
1088 206 1111 241 3
1626 193 1707 236 337

127 333 325 391 spiritum
353 358 405 364 —
427 333 656 376 secundum
684 332 727 376 id
757 332 868 388 quod
895 331 1099 388 scriptum
1125 336 1208 374 est:
1243 344 1269 374 a
1286 330 1313 373 b
1332 345 1350 373 s
1372 344 1394 373 o
1414 330 1425 373 l
1447 344 1473 373 u
1495 330 1506 372 i
1526 345 1545 373 s
1566 330 1612 372 ti
1640 343 1666 374 a
1683 330 1710 372 b

128 400 371 457 spiritu
405 413 527 442 meo
556 399 814 442 animam
851 411 1104 440 meam—
1131 397 1708 453 etutrumqueadnaturam

128 465 306 509 hominis
336 465 557 521 pertinere,
591 469 640 508 ut
665 469 781 508 totus
809 463 934 507 homo
967 463 1022 506 sit
1045 463 1217 519 spiritus
1245 468 1287 505 et
1314 462 1455 505 anima
1482 467 1524 505 et
1545 476 1707 518 corpus,

127 531 199 575 sed
227 531 453 588 aliquando
485 532 569 574 duo
601 531 685 574 ista
713 530 837 574 simul
867 529 1037 573 nomine
1061 529 1226 572 animae
1251 528 1486 585 nuncupari
1512 554 1562 558 —
1588 528 1709 583 quale

80 610 98 640 5
128 603 191 641 est
224 597 346 640 illud:
379 602 437 640 et
465 596 677 640 factus
725 600 819 639 est
864 596 1035 639 homo
1079 595 1135 638 in
1177 595 1435 638 animam
1486 595 1709 645 uiuam3

127 663 182 707 ibi
223 663 377 719 quippe
406 668 448 705 et
479 663 650 719 spiritus
689 661 1012 717 intellegitur—
1030 661 1214 717 itemque
1237 661 1462 716 aliquando
1484 665 1710 716 utrumque

127 729 295 773 nomine
327 729 498 784 spiritus
531 728 611 772 dici
653 753 704 758 —
736 728 859 771 sicuti
892 733 974 770 est:
1023 732 1081 770 et
1130 726 1449 771 inclinato
1497 726 1709 782 capite

128 801 146 838 t
162 809 182 838 r
199 809 225 837 a
242 795 268 838 d
287 795 297 836 i
316 795 342 837 d
364 794 376 836 i
395 799 413 837 t
447 809 464 837 s
482 809 509 851 p
526 795 538 837 i
555 809 575 837 r
592 795 604 836 i
621 799 641 837 t
658 809 683 837 u
700 808 755 841 m,
779 794 849 837 ubi
877 799 919 836 et
941 793 1083 836 anima
1101 807 1266 836 necesse
1287 798 1350 836 est
1370 791 1637 847 intellegatur
1657 817 1707 822 —

131 866 173 904 et
213 866 438 916 utrumque
456 861 576 903 unius
604 874 691 903 esse
711 859 1005 903 substantiae?
1039 864 1144 916 puto
1172 859 1282 915 quod
1310 859 1394 902 ista
1419 859 1502 900 iam
1530 858 1708 908 sciebas3

0 917 1 930 ¹
59 939 99 968 ιο
129 927 162 969 si
201 932 342 970 autem
360 926 584 979 nesciebas,
618 941 702 970 non
720 931 762 969 te
788 926 959 982 aliquid,
994 926 1105 982 quod
1131 939 1283 981 magno
1304 924 1487 981 periculo
1509 924 1703 974 nescitur,

127 992 317 1035 didicisse
337 992 467 1035 scias.
498 998 540 1035 et
580 993 613 1035 si
640 993 739 1047 quid
776 992 872 1034 hinc
904 991 1100 1034 subtilius
1139 991 1443 1047 disputandum
1471 995 1548 1041 est,
1568 990 1715 1033 melius

123 1072 217 1101 curn
254 1058 344 1114 ipso
373 1058 522 1114 agitur,
571 1058 686 1101 cuius
718 1058 802 1100 iam
835 1058 1028 1101 nouimus
1061 1061 1104 1100 et
1137 1057 1368 1113 eloquium:
1411 1062 1567 1106 utrum,
1617 1069 1712 1099 cum

126 1124 279 1167 dicitur
319 1124 472 1175 anima,
512 1124 574 1167 ita
616 1129 664 1167 ut
705 1124 827 1167 simul
872 1123 1140 1179 intellegatur
1178 1129 1220 1166 et
1253 1123 1438 1179 spiritus,
1483 1128 1710 1177 utrumque

125 1190 266 1233 anima
297 1190 365 1241 sit,
399 1190 572 1246 spiritus
605 1195 747 1233 autem
780 1190 938 1246 aliquid
976 1189 1140 1232 animae
1172 1190 1239 1237 sit,
1263 1203 1330 1241 an,
1364 1189 1471 1231 sicut
1504 1189 1539 1230 ei
1572 1188 1709 1231 uisum

126 1262 203 1308 est,
237 1270 262 1298 a
292 1261 414 1312 parte
441 1261 581 1299 totum
615 1256 849 1312 appelletur
884 1256 962 1298 hoc
987 1255 1167 1306 nomine,
1203 1255 1291 1297 siue
1324 1255 1451 1297 etia-m
1482 1259 1710 1309 utrumque

127 1322 301 1378 spiritus
326 1322 396 1372 sit,
425 1335 520 1378 pars
554 1336 652 1365 uero
682 1322 769 1364 eius
801 1322 869 1373 sit,
906 1336 1013 1378 quae
1032 1321 1195 1377 proprie
1219 1321 1373 1364 dicitur
1401 1320 1554 1370 anima,
1591 1334 1643 1362 an
1667 1325 1709 1362 et

128 1388 205 1430 hoc
238 1402 262 1430 a·
286 1392 407 1443 parte
440 1393 578 1430 totum
613 1392 799 1439 uocetur,
834 1388 1002 1443 quando
1035 1388 1097 1430 ita
1125 1387 1277 1430 dicitur
1301 1386 1485 1443 spiritus,
1518 1391 1565 1429 ut
1585 1386 1709 1428 simul

125 1453 393 1509 intellegatur
424 1458 466 1496 et
499 1454 659 1505 anima;
693 1454 749 1496 sic
777 1453 887 1496 enim
919 1453 1014 1495 huic
1048 1452 1198 1508 placet.
1234 1466 1378 1495 uerum
1406 1453 1500 1503 ista,
1535 1457 1583 1494 ut
1610 1452 1710 1503 dixi,

126 1524 168 1561 et
200 1519 414 1562 subtiliter
430 1520 693 1563 disseruntur
725 1524 767 1562 et
785 1519 872 1562 sine
898 1519 982 1562 ullo
1000 1519 1066 1562 uel
1094 1524 1205 1561 certe
1234 1518 1320 1561 sine
1350 1532 1502 1574 magno
1528 1518 1710 1574 periculo

124 1585 376 1628 nesciuntur.

212 1661 248 1706 3.
286 1662 479 1719 Itemque
513 1663 615 1706 alios
649 1677 736 1706 esse
778 1663 973 1719 corporis,
1017 1663 1118 1706 alios
1161 1668 1303 1705 autem
1346 1662 1510 1705 animae
1551 1675 1707 1713 sensus,

125 1728 263 1780 miror,
297 1729 329 1771 si
363 1729 441 1772 iste
474 1734 516 1771 tc
540 1729 705 1781 docuit;
741 1734 784 1771 et
816 1734 864 1772 tu
898 1728 1023 1772 homo
1056 1729 1098 1771 id
1128 1728 1279 1771 aetatis
1308 1733 1350 1771 et
1376 1727 1556 1779 honoris,
1594 1733 1710 1770 ante-

126 1807 252 1849 quam
286 1794 414 1837 istum
445 1795 623 1846 audires,
658 1809 788 1838 unum
817 1799 946 1850 atque
971 1795 1082 1838 idem
1108 1794 1291 1850 putabas
1323 1808 1422 1846 esse,
1459 1808 1539 1849 quo
1567 1793 1710 1836 album

124 1860 374 1917 nigrumque
405 1861 668 1912 discernitur,
707 1861 820 1917 quod
851 1860 1069 1904 nobiscum
1108 1861 1254 1903 uident
1286 1860 1416 1903 etiam
1434 1873 1633 1915 passereS,
1669 1863 1711 1901 et

77 1937 94 1966 5
125 1939 206 1981 quo
249 1926 406 1969 iustum
446 1932 575 1982 atque
616 1927 820 1970 iniustum
869 1927 1137 1977 diiudicatur,
1200 1927 1312 1982 quod
1367 1926 1540 1969 uidebat
1579 1925 1705 1967 Tobis

125 1991 255 2034 etiam
285 1992 420 2035 carnis
452 1992 678 2036 luminibus
710 1992 896 2049 perditis.
928 1993 1009 2036 hoc
1043 1992 1076 2034 si
1108 1992 1170 2035 ita
1194 1996 1269 2042 est,
1299 1992 1499 2047 profecto,
1542 1991 1709 2046 quando

125 2056 326 2100 audiebas
385 2057 452 2101 uel
508 2057 699 2114 legebas:
762 2057 1071 2100 inlumina
1134 2057 1347 2100 oculos
1406 2071 1577 2108 meos,
1644 2070 1710 2099 ne

126 2136 403 2178 umquam
456 2122 851 2166 obdormiam
893 2123 951 2166 in
1001 2128 1273 2174 mortem,
1325 2136 1408 2166 non
1456 2122 1535 2165 nisi
1576 2122 1710 2165 carnis

122 2188 262 2231 oculos
274 2188 502 2244 cogitabas.
516 2194 592 2232 aut
603 2189 636 2232 si
653 2189 730 2232 hoc
749 2189 970 2233 obscurum
986 2193 1062 2242 est,
1082 2194 1205 2240 certe,
1227 2189 1395 2245 quando
1414 2184 1517 2231 illud
1529 2188 1709 2244 apostoli

122 2253 365 2298 recolebas:
396 2254 827 2299 inluminatos
862 2255 1086 2299 oculos
1121 2255 1336 2298 cordis
1377 2254 1601 2305 uestri,
1636 2268 1710 2297 nos

219 2422 235 2456 1
257 2420 320 2456 Iob
339 2422 370 2464 7,
392 2422 434 2457 15
497 2422 519 2457 5
539 2421 626 2458 Gen.
645 2421 678 2464 2,
695 2422 715 2456 7
786 2423 804 2457 7
823 2421 897 2457 Ioh.
917 2422 971 2462 19,
987 2422 1032 2457 30
1101 2422 1144 2457 25
1160 2423 1204 2457 cf.
1223 2421 1309 2457 Tob.
1328 2422 1360 2463 2,
1378 2422 1417 2457 11
1484 2422 1525 2457 27
1544 2422 1599 2457 Ps.
1618 2422 1670 2463 12,
1688 2424 1708 2456 4

123 2479 167 2515 30
185 2479 277 2526 Eph.
296 2482 327 2522 1,
346 2481 389 2516 18

43 2605 49 2639 .‘
217 2587 240 2622 3
251 2586 399 2633 spiritus
415 2590 451 2623 et
466 2587 566 2624 ΜΕ
668 2588 690 2623 6
706 2588 897 2634 utroqueG
988 2588 1010 2624 9
1025 2587 1128 2635 puto]
1143 2587 1222 2624 add.
1240 2591 1361 2624 autem
1371 2588 1404 2623 E
1497 2588 1539 2624 10
1553 2587 1663 2624 scitur
1673 2589 1706 2623 A

48 2676 59 2690 μ,
124 2645 233 2700 {citor
243 2647 274 2682 F
290 2647 328 2692 (u
342 2658 369 2684 s.
390 2658 410 2683 ο
422 2647 505 2693 ml),
519 2646 610 2684 BCG
685 2650 724 2684 11
741 2646 836 2694 quod
846 2647 876 2683 G
946 2647 1086 2684 subtius
1096 2648 1130 2684 Ε
1204 2649 1247 2683 12
1257 2647 1437 2694 eloquium
1452 2658 1533 2683 uere
1549 2647 1711 2683 miranda

59 2707 65 2731 s
130 2705 318 2742 csideratio
333 2717 414 2743 cum
424 2706 591 2754 dignioris
604 2706 736 2754 ingenii
747 2706 874 2743 morito
889 2710 907 2743 δ
918 2707 1083 2744 habenda
1093 2708 1125 2743 E
1172 2708 1213 2743 13
1222 2710 1259 2744 et
1270 2708 1370 2743 om.E
1416 2718 1462 2743 an
1474 2711 1664 2752 utrumque
1675 2707 1706 2741 E

131 2766 172 2802 14
192 2776 294 2802 arnae
305 2767 338 2802 A
399 2767 442 2803 19
457 2766 567 2813 certe]
579 2766 656 2803 add.
671 2767 738 2803 otb
784 2767 829 2803 22
844 2769 881 2803 te
896 2766 994 2804 om.C
1061 2768 1105 2804 23
1122 2767 1217 2814 quod
1230 2767 1292 2803 EG
1350 2767 1431 2813 algi‘i
1442 2767 1476 2802 A
1542 2767 1583 2802 24
1598 2766 1706 2803 etiam

133 2823 256 2861 uident
268 2826 300 2861 E
356 2827 400 2863 25
415 2826 543 2863 Tobiae
553 2826 595 2863 bd
660 2827 705 2863 28
715 2829 831 2863 morto
841 2826 894 2863 ΕΙ)
961 2827 1007 2863 29
1019 2827 1087 2863 hoc
1102 2827 1206 2863 omG
1259 2825 1308 2862 illi
1322 2827 1355 2861 A

193 2894 259 2926 Lx,
276 2894 400 2931 Augu-t.
417 2895 492 2925 VIII
513 2903 579 2932 pm
598 2896 626 2926 1.
643 2894 723 2925 Vrb-
740 2898 771 2925 οι
789 2896 898 2931 Zyeht.
1334 2922 1352 2942 ο
1590 2896 1633 2933 22
