2028 3204
240 604 548 647 AVGVSTINI
569 605 1087 650 RETRACTATIONVM
1110 606 1219 649 LIB.
1245 606 1804 663 IIGAP.LXV111(XL11)

638 692 783 750 (PAG.
818 694 908 745 180,
942 696 962 737 1
996 695 1089 738 ED.
1130 694 1390 751 KNoELL).

474 807 550 849 DE
586 807 815 850 NATVRA
847 807 920 850 ET
952 807 1165 851 GRATIA
1197 808 1375 851 LIBER
1406 808 1567 852 VNVS.

323 922 358 963 1.
391 920 517 963 Venit
542 920 669 963 etiam
691 926 795 963 tune
825 921 867 964 in
899 934 1047 964 manus
1079 935 1191 965 meas
1220 922 1390 977 quidam
1427 922 1529 965 liber
1561 923 1701 977 Pelagi
1733 922 1803 965 ubi

223 986 403 1029 hominis
443 991 638 1029 naturam
680 991 825 1029 eontra
856 987 922 1029 dei
961 986 1153 1041 gratiam,
1196 1000 1278 1043 qua
1310 987 1567 1030 iustificatur
1598 988 1734 1043 inpius
1763 993 1805 1031 et
1833 1001 1850 1030 5

237 1064 321 1106 qua
353 1051 577 1094 Christiani
618 1066 773 1103 sumus,
814 1057 974 1108 quanta
1015 1052 1155 1108 potuit
1200 1053 1561 1107 argumentatione
1602 1053 1800 1096 defendit.

236 1116 387 1159 librum
429 1129 537 1170 ergo,
581 1131 662 1173 quo
699 1117 798 1160 huic
839 1118 1033 1173 respondi
1073 1117 1299 1161 defendens
1330 1118 1508 1173 gratiam
1539 1131 1621 1161 non
1655 1123 1801 1162 contra

236 1187 444 1234 naturam,
474 1182 545 1225 sed
578 1196 654 1238 per
685 1197 811 1239 quam
846 1188 997 1226 natura
1037 1183 1236 1226 liberatur
1276 1187 1320 1226 et
1356 1184 1523 1240 regitur,
1557 1183 1619 1228 De
1653 1188 1804 1226 natura

237 1252 279 1290 et
309 1248 445 1301 gratia
475 1249 729 1303 nuncupaui.
764 1249 807 1291 in
839 1262 919 1304 quo
952 1248 1080 1291 uerba
1112 1249 1331 1305 quaedam,
1380 1262 1486 1305 quae
1529 1250 1643 1292 uelut
1675 1250 1802 1305 Xysti

238 1313 418 1356 Romani
454 1314 637 1369 episcopi
668 1319 711 1356 et
740 1314 937 1370 martyris
965 1315 1156 1369 Pelagius
1192 1315 1344 1371 posuit,
1376 1315 1436 1357 ita
1480 1314 1659 1362 defendi,
1698 1320 1806 1359 tam·
1835 1327 1874 1356 ιο

238 1392 363 1434 quam
386 1392 428 1422 re
451 1392 549 1422 uera
570 1379 752 1423 eiusdem
774 1380 902 1435 Xysti
924 1385 1061 1424 essent
1088 1405 1139 1411 —
1161 1380 1201 1422 id
1224 1380 1335 1423 enim
1358 1385 1606 1435 putaueram
1638 1405 1701 1431 —‚
1730 1380 1817 1424 sed?

238 1449 382 1499 postea
410 1445 488 1499 legi
523 1445 638 1488 Sexti
667 1445 904 1501 philosophi
942 1458 1039 1498 esse,
1073 1459 1155 1489 non
1188 1445 1316 1502 Xysti
1349 1446 1583 1490 Christiani.

321 1546 357 1588 2.
390 1546 474 1588 Hie
504 1546 607 1589 liber
638 1546 700 1590 sie
730 1546 899 1602 incipit:
941 1547 1195 1599 Librum,
1236 1561 1394 1602 quem
1433 1548 1721 1590 misistis.

323 1723 344 1758 5
366 1723 468 1759 Rom.
492 1725 524 1765 4,
548 1725 570 1759 5
638 1724 659 1759 9
682 1723 735 1759 De
755 1727 828 1761 nat.
853 1727 889 1759 et
913 1736 962 1770 gr.
984 1724 1039 1766 64,
1060 1725 1100 1760 77
1154 1725 1296 1760 Hieron.
1313 1735 1369 1771 ep.
1389 1725 1464 1766 133,
1482 1726 1512 1760 3.
1531 1725 1567 1760 in
1583 1724 1680 1761 Hier.
1699 1735 1727 1760 c.
1745 1726 1797 1760 22.

231 1782 266 1817 in
294 1782 421 1818 Ezech.
445 1794 473 1819 e.
502 1784 544 1818 18
