2028 3204
289 198 370 241 514
681 206 721 241 V.
757 207 885 242 Contra
917 206 1005 242 duas
1035 205 1204 252 epistulas
1219 205 1489 252 Pelagianorum

301 332 469 374 diceret:
539 332 585 373 ‘si
651 332 875 373 secundum
945 331 1122 374 hominis
1201 331 1387 375 mortalis
1453 332 1729 388 capacitatem
1798 347 1873 391 pro

299 398 421 440 huius
450 397 560 439 uitae
593 397 759 439 modulo
797 396 968 452 perfecti
1011 410 1166 448 sumus,
1209 397 1263 440 ad
1302 397 1435 453 ipsam
1475 397 1771 454 perfectionem
1794 400 1874 443 hoc

300 476 462 517 quoque
503 463 706 517 pertinere
749 462 1049 517 intellegamus,
1095 467 1143 504 ut
1183 462 1367 518 angelica
1399 463 1472 506 illa
1505 476 1611 519 quae
1645 464 1688 507 in
1721 464 1872 508 Christi

300 527 635 569 manifestatione
659 527 775 569 nobis
799 527 876 569 erit
905 527 1067 570 iustitia
1089 528 1274 570 nondum
1299 541 1373 571 nos
1397 528 1601 584 perfectos
1626 543 1712 573 esse
1738 530 1872 587 sapia·

296 602 479 634 111118-
508 597 558 634 et
593 592 634 634 si
670 592 798 647 quid
824 592 991 634 aliter
1022 593 1239 648 sapitis,
1263 592 1414 649 inquit,
1436 594 1534 637 hoc
1557 608 1768 651 quoque
1791 608 1871 639 uo-

298 659 323 698 b
341 657 353 698 i
371 671 390 699 8
419 658 446 699 (1
463 671 483 699 0
501 672 528 700 11
546 671 563 700 8
594 671 613 699 r
630 671 651 699 e
669 672 695 699 u
713 671 733 699 e
751 658 763 699 l
781 657 925 700 abit.
990 659 1196 713 quomodo
1227 658 1304 701 nisi
1334 659 1647 703 ambulantibus
1675 666 1718 703 et
1746 661 1872 717 profi-

298 723 498 765 cientibus
525 723 567 764 in
596 723 666 765 uia
686 728 820 765 rectae
850 723 962 774 fidei,
993 723 1122 766 donec
1151 723 1232 766 ista
1258 725 1532 780 peregrinatio
1562 725 1735 769 finiatur
1756 731 1799 769 et
1817 727 1871 769 ad

298 789 473 843 speciem
492 788 712 831 ueniatur?
738 789 847 830 unde
871 794 1167 844 consequenter
1190 789 1399 833 adiunxit:
1425 805 1452 833 u
1469 804 1490 833 e
1506 804 1526 832 r
1542 805 1569 833 u
1586 805 1627 834 m
1654 796 1672 834 t
1689 805 1714 835 a
1729 805 1772 835 m
1789 805 1811 834 e
1826 805 1868 844 11,

297 854 352 895 111
383 854 540 909 quod
568 854 978 909 peruenimus,
1008 854 1061 896 in
1089 868 1151 897 eo
1180 856 1568 899 ambulemus.
1600 857 1747 900 deinde
1775 870 1870 900 con-

296 919 437 970 cludit,
464 924 511 961 ut
535 924 760 961 caueantur
784 919 854 970 illi,
882 920 932 961 dc
958 920 1109 975 quibus
1132 920 1198 963 hic
1222 921 1334 963 locus
1361 922 1555 965 sermonis
1581 922 1669 965 eius
1693 923 1870 979 sumpsit

295 985 524 1027 exordium:
566 985 1006 1027 coimitatores
1037 986 1160 1038 mei,
1191 986 1339 1042 inquit,
1370 991 1589 1039 estote,
1620 988 1868 1040 fratres,

297 1055 349 1091 et
372 1050 692 1092 intendite
716 1064 812 1092 eos
838 1050 937 1106 qui
962 1051 1404 1104 sicambulant,
1429 1053 1595 1096 sicut
1618 1053 1868 1097 habetis

297 1116 545 1157 formam
580 1120 865 1159 nostram.
901 1117 1083 1159 multi
1116 1117 1268 1159 enim
1301 1118 1636 1178 ambulant,
1658 1119 1716 1161 de
1751 1119 1869 1175 qui-

294 1181 319 1221 b
339 1195 399 1223 118
427 1195 606 1236 saepe
640 1181 916 1224 dicebam
940 1182 1132 1234 uobis,
1158 1196 1297 1226 nunc
1320 1184 1505 1226 etiam
1531 1184 1693 1227 flens
1717 1185 1867 1236 dico,

293 1246 580 1289 inimicos
607 1247 810 1290 crucis
835 1248 1086 1299 Christi,
1114 1262 1365 1303 quorum
1389 1249 1542 1292 finis
1568 1255 1659 1292 est
1684 1250 1867 1293 inter-

293 1311 301 1351 i
322 1317 339 1352 t
358 1326 382 1353 u
402 1326 417 1354 s
441 1318 483 1354 et
506 1317 652 1355 cetera.
677 1312 734 1354 illi
757 1313 834 1368 ipsi
857 1318 968 1364 sunt,
988 1313 1037 1356 de
1056 1314 1206 1369 quibus
1228 1314 1426 1370 incipiens
1449 1315 1628 1358 dixerat:
1652 1315 1755 1358 uid
1772 1329 1793 1359 e
1810 1320 1830 1358 t
1846 1329 1867 1358 e

294 1391 485 1429 canes,
533 1378 742 1420 uidete
786 1379 974 1421 malos
1011 1379 1334 1435 operarios
1370 1384 1412 1422 et
1447 1381 1673 1436 sequentia.
1725 1394 1868 1424 omnes

291 1443 431 1498 itaque
463 1449 561 1485 sunt
591 1444 746 1486 inimici
778 1444 906 1486 erucis
939 1444 1102 1496 Christi,
1136 1445 1207 1500 qui
1252 1445 1438 1488 uolentes
1470 1446 1719 1489 constituere
1750 1460 1867 1489 suam

291 1508 508 1560 iustitiam,
530 1523 633 1564 quae
653 1523 703 1551 ex
723 1509 808 1564 lege
828 1514 903 1562 est,
922 1510 966 1552 id
997 1516 1059 1553 est
1077 1510 1218 1553 littera
1233 1515 1399 1553 tantum
1418 1511 1599 1564 iubente,
1618 1525 1701 1554 non
1719 1512 1866 1568 spiritu

291 1573 486 1628 inplente,
515 1574 699 1617 iustitiae
733 1575 796 1617 dei
823 1589 906 1618 non
941 1581 1039 1618 sunt
1083 1576 1268 1619 subiecti.
1319 1577 1366 1619 81
1409 1591 1430 1619 0
1446 1589 1475 1618 11
1491 1577 1504 1619 1
1520 1590 1564 1620 111
1612 1591 1640 1633 q
1654 1577 1712 1620 ui
1764 1591 1790 1633 p
1807 1591 1829 1620 e
1845 1590 1866 1619 r

288 1639 475 1694 legem
526 1641 786 1682 heredes
843 1646 1004 1693 sunt,
1052 1642 1393 1685 exinanita
1436 1647 1530 1685 est
1577 1643 1755 1686 fides.
1814 1643 1866 1686 si

288 1718 391 1758 per
478 1706 667 1760 legem
737 1706 1012 1758 iustitia,
1088 1721 1225 1763 ergo
1301 1707 1589 1751 Christus
1666 1708 1867 1764 gratis

290 1775 566 1813 mortuus
624 1777 728 1823 est,
772 1785 911 1827 ergo
941 1777 1311 1815 euacuatum
1359 1778 1450 1816 est
1507 1774 1865 1816 scandalum

290 1849 309 1876 e
326 1848 345 1876 r
362 1850 389 1877 11
407 1850 428 1878 0
445 1836 457 1877 1
476 1850 505 1878 s.
547 1850 595 1878 ac
634 1850 705 1892 per
737 1837 815 1880 hoc
845 1837 903 1879 illi
942 1837 1098 1880 inimici
1130 1842 1229 1881 sunt
1261 1838 1390 1881 crucis
1423 1838 1523 1890 eius,
1545 1839 1616 1894 qui
1639 1852 1712 1895 per
1734 1839 1865 1895 legem

289 1901 431 1943 dieunt
466 1915 551 1944 esse
575 1902 792 1954 iustitiam,
820 1903 873 1945 ad
903 1916 1029 1959 quam
1053 1904 1193 1946 iubere
1218 1903 1411 1960 pertinet,
1438 1917 1520 1947 non
1545 1904 1700 1947 iuuare.
1728 1904 1864 1960 gratia

290 1980 386 2008 uero
414 1967 477 2009 dei
505 1981 577 2022 per
596 1968 731 2010 Iesum
758 1968 966 2011 Christum
998 1969 1212 2012 dominum
1251 1974 1440 2012 nostrum
1470 1970 1513 2011 in
1542 1970 1688 2025 spiritu
1719 1975 1863 2013 sancto

287 2032 461 2074 adiuuat
492 2033 780 2076 infirmitatem
820 2039 1017 2077 nostram.

392 2176 412 2209 ἴ)
431 2174 520 2210 Phil.
538 2176 570 2217 3,
589 2175 630 2210 15
691 2177 711 2211 8
728 2176 818 2212 Phil.
835 2177 867 2218 3,
886 2176 927 2211 16
989 2178 1027 2212 11
1048 2176 1137 2212 Phil.
1154 2178 1187 2218 3,
1205 2177 1337 2212 17-19
1397 2177 1440 2212 16
1457 2176 1545 2213 Phil.
1563 2177 1596 2219 3,
1613 2177 1633 2211 2
1695 2176 1736 2212 20
1753 2177 1854 2212 Rom.

289 2235 319 2273 4,
339 2235 380 2268 14
474 2235 514 2270 21
536 2234 613 2270 Gal.
633 2236 664 2278 2,
682 2236 721 2270 21
829 2236 872 2270 23
892 2235 968 2272 Gal.
986 2236 1019 2278 5,
1037 2238 1076 2271 11
1169 2236 1209 2272 25
1227 2236 1270 2271 ci.
1291 2236 1391 2271 Rom.
1411 2237 1442 2278 7,
1459 2236 1501 2270 25

390 2337 405 2370 1
425 2335 578 2370 hominis
596 2337 626 2379 (s
642 2336 710 2381 sl.)
727 2337 946 2373 morientisO
963 2337 1071 2382 (entis
1086 2335 1155 2383 s.l·)
1240 2338 1261 2372 3
1276 2327 1347 2383 xpo
1358 2336 1389 2371 V
1477 2336 1499 2371 5
1514 2336 1613 2372 aliud
1622 2335 1685 2371 EF
1771 2336 1859 2372 deus

285 2394 389 2429 uobis
410 2395 440 2429 B
515 2398 536 2431 6
553 2396 726 2432 reuelauit
737 2397 766 2431 Ο
850 2400 886 2431 et
901 2396 1170 2444 proficientibus
1184 2397 1287 2433 om.0
1360 2396 1381 2431 9
1395 2396 1432 2431 in
1449 2395 1558 2442 quod]
1574 2395 1699 2441 inquid
1713 2395 1809 2442 quod
1823 2394 1855 2429 V

287 2453 389 2499 (quid
408 2455 444 2490 in
460 2465 545 2500 ra3-;
558 2453 672 2490 s-l.m2
689 2456 765 2490 add·
783 2455 819 2490 in
835 2456 886 2502 id)
904 2455 1023 2502 inquit
1039 2456 1075 2492 in
1091 2455 1129 2492 id
1145 2456 1240 2502 quod
1252 2455 1269 2490 b
1285 2457 1321 2491 in
1336 2455 1373 2491 id
1390 2455 1484 2502 quod
1495 2456 1516 2490 d
1561 2454 1704 2502 meins]
1714 2454 1857 2491 huiuso

284 2513 414 2549 sumsit
430 2513 462 2548 V
489 2515 625 2550 sumxit
649 2514 680 2548 B
803 2517 840 2549 11
870 2516 1110 2552 coimitatores
1134 2517 1402 2561 (συνμιμηταί)
1421 2515 1454 2550 D
1480 2515 1728 2551 comi-tutores
1749 2515 1778 2550 0
1802 2515 1858 2559 (in

284 2584 349 2619 mq-
366 2572 420 2608 ml
435 2573 449 2609 1
465 2573 678 2619 imitatores)
703 2574 930 2611 comitatores
946 2575 977 2610 B
1003 2575 1201 2611 imitatores
1212 2575 1287 2611 Vbd
1364 2575 1484 2621 inquit
1497 2575 1567 2611 mei
1580 2574 1677 2611 OBV
1760 2573 1803 2610 12
1818 2576 1858 2609 et

284 2644 347 2668 om.
361 2631 425 2667 EF
520 2633 613 2669 sicut
638 2637 675 2669 et
699 2633 839 2669 habetis
859 2633 890 2668 V
979 2635 1021 2669 14
1044 2634 1148 2671 uobis
1163 2634 1325 2670 dicebam
1337 2634 1465 2671 OBGV
1555 2633 1596 2669 15
1621 2633 1734 2669 crucis
1747 2630 1858 2669 om.F

287 2692 327 2727 18
344 2689 406 2738 qui
421 2692 515 2728 om.0
566 2691 610 2727 19
626 2700 716 2738 quae
733 2696 787 2729 est
803 2703 846 2728 ex
861 2693 934 2742 lege
943 2694 1040 2730 OBV
1092 2694 1129 2729 id
1145 2693 1215 2740 est]
1228 2693 1323 2730 idem
1339 2694 1357 2729 b
1405 2693 1591 2730 iubenttV
1637 2692 1681 2728 22
1696 2696 1858 2729 mortuus

284 2756 337 2786 est
354 2752 466 2797 gratis
477 2752 510 2786 D
590 2751 634 2787 23
649 2754 704 2788 est
717 2750 776 2788 alt-
794 2753 889 2788 omo
977 2753 1020 2788 25
1036 2753 1216 2798 pertine-t
1227 2754 1256 2790 O
1330 2753 1452 2788 iubare
1460 2751 1546 2789 Oml
1635 2751 1680 2788 26
1693 2755 1855 2788 nostrum

283 2810 542 2846 0m.BCEFVd
603 2812 641 2846 in
657 2811 787 2847 om.OB
847 2810 985 2857 sancto]
1000 2812 1075 2847 add.
1094 2812 1153 2857 qui
1171 2812 1204 2846 D

1899 935 1940 966 10

1895 1261 1937 1293 15

1891 1589 1936 1619 20

1889 1916 1932 1946 25
