2028 3204
278 210 359 252 600

325 332 428 379 culpa
478 332 635 367 omnium
688 332 870 378 culparum
921 332 1032 367 chiro-

325 393 458 438 grapha
483 392 682 427 delerentur
709 391 724 426 l
750 392 827 434 120,
854 393 906 427 14.

280 452 455 487 Christus:
473 451 672 497 appellatus
697 451 742 486 ab
759 451 847 493 oleo,
871 451 908 486 id
933 455 988 486 est
1012 462 1033 486 a

326 511 516 546 chrismate
531 510 566 545 II
580 511 656 552 248,
674 510 726 546 15.
739 521 856 546 semen
870 511 1032 546 Abrahae

323 571 441 605 dictus
475 570 491 605 I
525 571 577 612 12,
611 571 664 606 25.
711 570 885 606 secundus
917 571 1031 606 Adam

328 630 361 664 11
397 631 472 671 193,
508 632 561 665 14.
607 630 784 664 mediator
819 629 854 664 II
890 631 965 673 193,
999 631 1030 665 9.

324 689 423 724 uenit
448 701 491 724 ex
516 689 613 724 tribu
640 689 730 725 Iuda
758 690 772 724 I
800 690 876 731 192,
902 691 957 725 30.
995 690 1030 724 in

323 760 393 795 quo
413 749 610 784 circumcisi
628 760 750 784 sumus
770 749 1033 784 circumcisione

324 819 394 844 non
410 819 518 843 manu
535 808 632 844 facta
648 819 754 854 quam
772 809 954 855 figurabat
969 809 1033 843 cii·-

325 868 494 903 cumcisio
515 879 623 903 manu
644 869 740 903 facta
782 868 818 903 11
860 869 936 910 195,
978 869 1031 904 23.

323 928 429 963 unius
460 927 687 974 eiusdemque
719 932 929 963 naturae...
967 929 1033 963 hoc

323 987 466 1022 omnino
484 988 579 1033 quod
596 992 708 1034 pater,
733 988 802 1023 nisi
818 988 912 1034 quod
937 988 1034 1023 filius
1069 977 1071 1007 i

323 1050 377 1082 est
392 1046 478 1093 ipse,
496 1058 568 1082 non
585 1051 687 1093 pater
707 1047 722 1082 I
740 1049 818 1090 343,
846 1048 900 1083 20.
928 1048 1032 1082 homo

324 1106 483 1142 Christus
504 1106 520 1141 Ι
538 1108 593 1149 61,
614 1109 667 1142 14.
687 1108 764 1149 332,
786 1108 838 1143 12.
871 1107 1033 1153 princeps

323 1166 546 1201 sacerdotum
570 1166 585 1201 Ι
605 1167 660 1209 91,
682 1169 712 1202 1.
733 1167 895 1202 sacerdos
913 1167 1034 1202 incon-

323 1226 541 1261 taminabilis
564 1226 579 1261 I
600 1227 654 1269 91,
678 1228 730 1262 14.
764 1226 909 1262 unicum
930 1226 1034 1261 sacri·
1070 1245 1072 1278 ἶ

323 1286 445 1320 ficium
468 1296 531 1331 pro
547 1286 702 1332 peccatis
725 1286 741 1320 Ι
762 1286 840 1328 505,
863 1286 895 1322 5.
919 1286 1035 1321 factus
1070 1280 1072 1295 '

323 1345 535 1380 sacrificium
567 1345 582 1380 I
609 1346 687 1388 505,
717 1347 770 1382 23.
812 1346 1033 1381 uerissimum
1071 1358 1073 1372 ι

323 1410 359 1440 et
385 1405 560 1450 singulare
588 1405 800 1440 sacrificium
831 1405 846 1440 Ι
875 1407 952 1448 170,
981 1407 1033 1441 13.
1072 1404 1073 1448 ξ

322 1464 666 1500 misericordissimus
697 1465 865 1508 saluator,
896 1465 1035 1501 uerissi-

322 1535 401 1558 mus
423 1525 585 1559 sacerdos
609 1524 623 1559 I
644 1525 700 1567 55,
723 1526 776 1560 19.
800 1526 854 1560 20.
889 1528 1034 1560 sanctus
1071 1509 1073 1580 Ξ

323 1588 527 1618 sanctorum
562 1585 725 1619 sacerdos
762 1584 778 1619 Ι
813 1585 867 1627 98,
903 1585 934 1620 9.
984 1596 1034 1619 rc·
1070 1581 1073 1640 J

323 1644 487 1689 demptor
515 1643 530 1678 I
555 1645 611 1685 33,
638 1645 668 1679 9.
697 1646 750 1679 11.
788 1644 914 1679 unicus
938 1644 1034 1678 iilius
1070 1650 1072 1673 i

326 1702 341 1737 I
359 1702 414 1744 35,
435 1703 466 1737 7.
499 1703 664 1738 dominus
681 1703 849 1739 liberator
870 1703 885 1738 I
903 1705 981 1745 432,
1001 1706 1031 1738 4.

323 1762 466 1797 dilectio
499 1762 533 1796 II
564 1763 641 1805 209,
669 1764 702 1799 3.
735 1764 788 1798 18.
831 1763 1033 1809 baptizatos

323 1821 489 1867 paruulos
504 1833 568 1857 suo
582 1822 707 1857 inserit
722 1823 858 1868 corpori
875 1822 891 1857 Ι
908 1824 961 1865 11,
979 1824 1031 1858 13.

322 1881 491 1916 librorum
534 1885 694 1917 ueterum
737 1882 932 1917 utilitatem
975 1883 1033 1917 de-

323 1944 524 1975 monstrans
543 1941 557 1975 I
573 1941 628 1985 50,
645 1943 699 1977 22.
729 1941 860 1977 Christi
873 1953 945 1977 non
960 1942 1033 1977 sola

322 2000 478 2035 imitatio
511 2000 624 2036 iustos
647 2001 744 2043 facit,
767 2002 827 2037 sed
851 2012 912 2048 per
933 2001 1034 2048 spiri-

323 2063 400 2095 tum
426 2071 633 2105 regenerans
656 2061 772 2107 gratia
798 2061 813 2095 I
839 2062 892 2103 19,
918 2062 949 2097 9.
987 2062 1032 2096 ab
1068 2073 1070 2086 ·

323 2130 362 2155 eo
383 2130 453 2153 non
474 2123 615 2155 tantum
635 2120 826 2166 originalis,
846 2122 905 2156 sed
925 2120 1032 2156 etiarn

324 2183 519 2214 ceterorum
538 2183 764 2225 peccatorum
790 2180 1032 2216 remissionem

324 2238 573 2284 consequimur
620 2239 634 2274 I
682 2240 735 2281 16,
782 2241 836 2275 17.
894 2243 1033 2286 praeter

324 2297 454 2334 Christi
466 2298 672 2334 societatem
685 2299 799 2334 uitam
812 2299 1032 2345 salutemque

323 2362 503 2393 aeternam
516 2368 619 2393 nemo
632 2358 781 2404 adipisci
793 2362 912 2405 potest
926 2359 942 2393 Ι
956 2360 1032 2401 145,

324 2418 377 2453 10.
439 2417 555 2462 gratia
602 2417 677 2453 eius
723 2418 1031 2454 inluminationem

323 2480 491 2523 operatur
524 2476 540 2511 I
573 2478 627 2519 11,
660 2478 691 2513 9.
737 2478 841 2513 homo
875 2477 1033 2514 Christus

324 2536 453 2572 Hiesus
472 2535 488 2571 Ι
505 2537 583 2578 432,
603 2537 656 2572 22.
688 2537 782 2572 salus
799 2541 921 2573 nostra
936 2537 975 2572 in
992 2549 1032 2572 eo

326 2595 341 2630 1
362 2596 416 2638 72,
437 2597 492 2631 14.
524 2595 722 2642 oportuisse
741 2596 838 2631 nasci
856 2597 894 2632 in
912 2597 1034 2632 simili-

323 2655 448 2691 tudine
467 2655 582 2691 carnis
598 2655 736 2702 peccati
756 2655 771 2691 I
790 2657 845 2698 43,
864 2657 896 2699 5,
915 2657 959 2700 cs.
977 2658 1033 2699 68,

325 2714 379 2750 25.
410 2714 600 2761 oportebat
614 2714 691 2761 pati
705 2726 774 2762 sqq.
802 2715 818 2750 Ι
834 2715 889 2759 50,
907 2716 960 2752 25.
979 2717 1032 2752 28.

324 2784 404 2809 cum
423 2777 537 2809 morte
557 2774 721 2810 conflixit
741 2774 756 2810 I
778 2775 854 2817 147,
874 2775 928 2811 19.
943 2786 1034 2811 mor·

322 2836 407 2869 tuus
430 2843 494 2880 pro
519 2834 675 2880 peccatis
701 2833 718 2869 Ι
742 2835 797 2877 43,
822 2835 854 2870 8.
893 2834 1033 2881 signum

768 214 816 250 ΙΙ.
844 212 956 250 Index
978 214 1161 250 nominum
1187 218 1224 250 et
1248 224 1375 250 rerum.

1152 332 1282 368 Christi
1303 332 1317 368 1
1338 334 1414 376 113,
1435 335 1487 370 17.
1519 334 1676 371 medicus
1698 336 1712 372 I
1731 338 1785 380 23,
1805 338 1860 374 15.

1152 393 1206 435 24,
1225 393 1278 428 16.
1295 394 1351 435 33,
1368 394 1400 429 7.
1417 393 1495 436 542,
1511 395 1544 430 6.
1564 394 1599 430 ΙΙ
1616 395 1693 438 260,
1711 397 1763 432 19.
1781 398 1862 441 293,

1151 453 1183 488 3.
1202 453 1280 494 307,
1300 453 1353 489 26.
1383 452 1576 489 infantium
1594 455 1752 491 saluator
1772 456 1786 491 1
1803 458 1860 501 33,

1152 512 1205 547 10.
1253 519 1317 558 per
1347 512 1557 548 distantiam
1589 514 1793 552 diuinitatis
1825 520 1863 553 et

1149 570 1374 607 infirmitatis
1405 572 1502 608 filius
1534 574 1591 609 dei
1623 575 1792 611 manebat
1823 576 1862 612 in

1152 631 1259 673 caelo,
1286 631 1383 667 filius
1409 632 1563 668 hominis
1589 634 1798 671 ambulabat
1822 636 1861 671 in

1152 695 1246 726 terra
1263 702 1331 736 sqq.
1354 691 1370 726 I
1388 692 1443 734 61,
1463 692 1562 728 4—8.
1595 693 1725 730 Christi
1741 695 1863 731 unitas

1154 750 1169 785 Ι
1188 751 1244 793 60,
1266 753 1318 787 14.
1352 750 1482 787 Christi
1499 752 1570 788 duo
1592 752 1607 788 I
1625 754 1680 796 60,
1701 755 1754 790 24.
1786 754 1863 790 eius

1153 810 1302 846 carnalis
1332 811 1506 847 natiuitas
1539 811 1574 847 II
1605 813 1682 856 251,
1716 814 1767 849 15.
1812 814 1862 850 lo-

1153 870 1275 916 quitur
1295 870 1334 905 in
1355 871 1516 917 apostolo
1541 871 1577 907 11
1599 873 1677 915 313,
1701 874 1754 909 27.
1790 885 1862 909 me-

1152 930 1270 965 diator
1285 931 1331 966 ad
1349 930 1463 966 uitam
1483 930 1500 966 1
1518 932 1595 974 106,
1614 933 1644 967 2.
1680 932 1715 967 11
1734 933 1810 975 193,
1828 935 1861 969 4.

1154 1000 1262 1025 uerax
1286 989 1444 1027 saluatur
1469 989 1486 1025 Ι
1509 991 1564 1033 33,
1589 991 1620 1027 8.
1649 993 1700 1027 11.
1726 992 1780 1035 55,
1806 993 1861 1029 20.

1155 1050 1230 1091 118,
1258 1050 1311 1085 16.
1338 1050 1415 1093 425,
1441 1050 1472 1086 9.
1512 1061 1574 1085 cur
1597 1052 1683 1086 mori
1710 1052 1864 1088 uoluerit

1156 1108 1171 1143 I
1202 1110 1278 1151 121,
1309 1110 1362 1145 22.
1406 1109 1536 1145 Christi
1564 1121 1690 1156 corpus
1718 1112 1865 1147 ecclesia.

1155 1168 1171 1203 Ι
1186 1169 1241 1211 38,
1260 1171 1312 1204 11.
1343 1168 1473 1205 Christi
1486 1169 1662 1205 medicina
1679 1170 1713 1205 11
1730 1172 1806 1213 261,
1823 1173 1861 1213 2;

1153 1228 1196 1271 cs.
1210 1229 1242 1271 6,
1257 1230 1310 1265 23.
1325 1229 1357 1272 8,
1372 1229 1425 1265 20.
1440 1230 1494 1265 26.
1509 1230 1860 1273 9,10.11,7.12,18.

1155 1287 1208 1323 25.
1228 1289 1282 1331 14,
1298 1290 1330 1324 4.
1349 1289 1380 1324 9.
1399 1289 1453 1331 15,
1470 1290 1501 1324 7.
1521 1290 1574 1328 16.
1593 1291 1645 1324 12.
1666 1291 1716 1325 14.
1736 1291 1789 1332 17,
1806 1291 1861 1326 24.

1156 1347 1209 1389 18,
1236 1348 1268 1383 9.
1295 1350 1349 1383 11.
1377 1348 1431 1383 15.
1459 1350 1512 1384 17.
1540 1350 1593 1384 24.
1621 1350 1675 1385 28.
1701 1350 1779 1391 308,
1805 1351 1861 1386 23.

1153 1408 1232 1449 309,
1257 1408 1289 1443 5.
1315 1409 1393 1450 333,
1419 1409 1472 1443 20.
1498 1409 1576 1450 349,
1603 1409 1644 1444 18
1669 1412 1726 1444 cet.

1110 1466 1228 1502 Cicero
1255 1466 1271 1501 I
1295 1468 1374 1510 389,
1400 1468 1453 1503 13.

1109 1527 1343 1562 circumcisio:
1364 1527 1458 1562 illius
1478 1527 1647 1573 temporis
1667 1538 1863 1564 sacramen·

1153 1590 1243 1628 tum,
1259 1587 1354 1632 quod
1369 1586 1635 1633 praefigurabat
1647 1588 1761 1623 nostri
1774 1591 1863 1623 tem·

1153 1646 1247 1691 poris
1272 1646 1490 1692 baptismum
1519 1646 1535 1681 I
1559 1646 1717 1689 350,12.
1755 1647 1862 1683 semel

1151 1705 1264 1740 fiebat
1286 1710 1322 1740 et
1344 1709 1463 1741 tamen
1482 1706 1522 1741 in
1542 1706 1689 1753 singulis
1709 1706 1863 1753 singula-

1151 1764 1218 1799 tim
1237 1764 1350 1800 fiebat
1369 1765 1384 1800 I
1404 1767 1479 1807 112,
1499 1767 1529 1801 7.
1561 1766 1860 1802 circumcisionem

1152 1824 1266 1859 carnis
1294 1824 1351 1860 die
1380 1828 1507 1860 octauo
1538 1825 1693 1871 accipere
1724 1826 1862 1872 paruuli

1151 1883 1237 1919 iussi
1251 1887 1335 1919 sunt
1353 1884 1368 1919 Ι
1386 1885 1461 1926 166,
1479 1885 1531 1920 16.
1561 1885 1860 1921 circumcisionem

1152 1948 1338 1989 ceteraque
1352 1955 1457 1990 opera
1471 1943 1558 1979 talia
1571 1943 1656 1991 legis
1670 1944 1864 1980 christiana

1151 2003 1340 2049 disciplina
1374 2014 1446 2039 non
1482 2007 1601 2039 seruat
1639 2004 1655 2039 I
1693 2005 1768 2047 173,
1805 2005 1861 2040 20.

1152 2062 1278 2098 umbra
1299 2063 1412 2098 futuri
1433 2063 1645 2099 sacramenti
1668 2063 1683 2099 I
1707 2064 1782 2106 189,
1806 2065 1860 2100 14.

1151 2122 1371 2158 circumcisio
1408 2123 1522 2159 cordis
1558 2134 1647 2170 pura
1683 2123 1728 2159 ab
1765 2123 1862 2158 omni

1149 2181 1287 2218 inlicita
1349 2182 1634 2229 concupiscentia
1696 2182 1864 2218 uoluntas

1154 2241 1169 2276 I
1185 2242 1261 2284 165,
1276 2242 1329 2277 25.
1358 2242 1507 2277 carnalis
1519 2241 1737 2278 circumcisio
1754 2242 1769 2278 1
1784 2243 1862 2284 138,

1152 2302 1183 2337 1.
1214 2301 1385 2336 instituta
1403 2304 1457 2337 est
1472 2301 1510 2336 in
1529 2301 1659 2348 populo
1678 2302 1746 2344 dei,
1765 2302 1860 2348 quod

1150 2363 1228 2396 erat
1248 2363 1335 2396 tunc
1355 2360 1575 2407 signaculum
1594 2361 1754 2397 iustitiae
1775 2360 1862 2396 fidei

1154 2419 1189 2454 11
1224 2420 1301 2463 276,
1336 2420 1390 2457 25.
1436 2420 1625 2457 iustificari
1657 2432 1719 2468 per
1751 2420 1860 2457 tidem

1154 2479 1170 2514 I
1187 2479 1264 2522 205,
1282 2480 1341 2522 22;
1358 2481 1402 2525 cl.
1421 2481 1497 2523 137,
1516 2481 1569 2517 17.
1588 2481 1664 2523 138,
1682 2481 1714 2516 2.
1734 2482 1809 2524 143,
1829 2483 1860 2517 1.

1151 2539 1229 2582 201,
1251 2541 1281 2575 1.
1303 2539 1380 2582 206,
1401 2540 1455 2576 18.
1477 2540 1554 2583 213,
1575 2541 1630 2577 15.
1651 2539 1687 2576 ΙΙ
1707 2540 1784 2584 276,
1805 2540 1860 2577 15.

1153 2599 1206 2634 19.
1232 2599 1309 2641 277,
1334 2600 1354 2634 4
1379 2601 1436 2635 cet.

1107 2657 1244 2693 cirrati:
1288 2669 1437 2704 quorum
1479 2668 1610 2695 nomen
1650 2669 1695 2695 ex
1735 2669 1861 2705 graeco

1151 2716 1354 2753 deriuatum
1370 2717 1546 2754 moriones
1562 2718 1689 2765 uulgus
1704 2718 1862 2766 appellat

1155 2775 1173 2811 1
1195 2777 1251 2819 31,
1277 2777 1331 2813 20.

1108 2834 1224 2871 clerici
1242 2836 1380 2872 romani
1400 2835 1416 2871 I
1435 2835 1514 2880 463,
1535 2837 1588 2873 17.
1608 2835 1688 2880 465,
1707 2837 1761 2874 11.
1781 2837 1861 2879 468,
