<?xml version="1.0" encoding="UTF-8"?>
<!DOCTYPE html PUBLIC "-//W3C//DTD XHTML 1.0 Transitional//EN"
    "http://www.w3.org/TR/xhtml1/DTD/xhtml1-transitional.dtd">
<html xmlns="http://www.w3.org/1999/xhtml" xml:lang="en" lang="en">
 <head>
  <title>
</title>
<meta http-equiv="Content-Type" content="text/html;charset=utf-8" />
  <meta name='ocr-system' content='tesseract 3.04.00' />
  <meta name='ocr-capabilities' content='ocr_page ocr_carea ocr_par ocr_line ocrx_word'/>
</head>
<body>
  <div class='ocr_page' id='page_1' title='image "./corpusscriptorum60auguuoft_0399.png"; bbox 0 0 2028 3204; ppageno 0'>
   <div class='ocr_carea' id='block_1_1' title="bbox 790 212 1813 262">
    <p class='ocr_par' dir='ltr' id='par_1_1' title="bbox 790 212 1813 262">
     <span class='ocr_line' id='line_1_1' title="bbox 790 212 1813 262; baseline -0.001 -7"><span class='ocrx_word' id='word_1_1' title='bbox 790 218 876 255; x_wconf 81' lang='lat' dir='ltr'>liber</span> <span class='ocrx_word' id='word_1_2' title='bbox 909 218 966 255; x_wconf 92' lang='lat'>111</span> <span class='ocrx_word' id='word_1_3' title='bbox 996 220 1027 262; x_wconf 86' lang='lat'>7.</span> <span class='ocrx_word' id='word_1_4' title='bbox 1059 219 1179 262; x_wconf 84' lang='lat'>10—9,</span> <span class='ocrx_word' id='word_1_5' title='bbox 1213 220 1255 255; x_wconf 88' lang='grc'>12</span> <span class='ocrx_word' id='word_1_6' title='bbox 1732 212 1813 254; x_wconf 81' lang='grc'>369</span> 
     </span>
    </p>
   </div>
   <div class='ocr_carea' id='block_1_2' title="bbox 191 344 1817 1583">
    <p class='ocr_par' dir='ltr' id='par_1_2' title="bbox 191 344 1817 1583">
     <span class='ocr_line' id='line_1_2' title="bbox 346 344 1810 402; baseline 0.001 -14"><span class='ocrx_word' id='word_1_7' title='bbox 346 345 421 388; x_wconf 86' lang='lat' dir='ltr'>IX.</span> <span class='ocrx_word' id='word_1_8' title='bbox 445 346 505 388; x_wconf 79' lang='lat'>12.</span> <span class='ocrx_word' id='word_1_9' title='bbox 532 344 625 388; x_wconf 83' lang='lat' dir='ltr'>Noli</span> <span class='ocrx_word' id='word_1_10' title='bbox 650 345 813 388; x_wconf 91' lang='lat' dir='ltr'>credere</span> <span class='ocrx_word' id='word_1_11' title='bbox 838 358 913 387; x_wconf 91' lang='lat' dir='ltr'>nec</span> <span class='ocrx_word' id='word_1_12' title='bbox 937 344 1072 387; x_wconf 83' lang='lat' dir='ltr'>dicere</span> <span class='ocrx_word' id='word_1_13' title='bbox 1097 358 1172 387; x_wconf 88' lang='lat' dir='ltr'>nec</span> <span class='ocrx_word' id='word_1_14' title='bbox 1196 345 1342 387; x_wconf 88' lang='lat' dir='ltr'>docere</span> <span class='ocrx_word' id='word_1_15' title='bbox 1367 346 1560 388; x_wconf 81' lang='lat' dir='ltr'>‘infantes</span> <span class='ocrx_word' id='word_1_16' title='bbox 1582 352 1810 402; x_wconf 87' lang='lat' dir='ltr'>antequam</span> 
     </span>
     <span class='ocr_line' id='line_1_3' title="bbox 239 410 1815 468; baseline 0.001 -14"><span class='ocrx_word' id='word_1_17' title='bbox 239 411 504 468; x_wconf 82' lang='lat' dir='ltr'><strong>baptizentur</strong></span> <span class='ocrx_word' id='word_1_18' title='bbox 524 416 658 453; x_wconf 87' lang='lat' dir='ltr'>morte</span> <span class='ocrx_word' id='word_1_19' title='bbox 680 416 927 466; x_wconf 87' lang='lat' dir='ltr'>praeuentos</span> <span class='ocrx_word' id='word_1_20' title='bbox 949 410 1163 465; x_wconf 89' lang='lat' dir='ltr'>peruenire</span> <span class='ocrx_word' id='word_1_21' title='bbox 1186 424 1304 465; x_wconf 85' lang='lat' dir='ltr'>posse</span> <span class='ocrx_word' id='word_1_22' title='bbox 1327 411 1379 453; x_wconf 87' lang='lat' dir='ltr'>ad</span> <span class='ocrx_word' id='word_1_23' title='bbox 1403 411 1662 462; x_wconf 64' lang='lat' dir='ltr'>originalium</span> <span class='ocrx_word' id='word_1_24' title='bbox 1682 412 1815 455; x_wconf 89' lang='lat' dir='ltr'>indul·</span> 
     </span>
     <span class='ocr_line' id='line_1_4' title="bbox 237 475 1814 533; baseline 0.001 -13"><span class='ocrx_word' id='word_1_25' title='bbox 237 477 420 530; x_wconf 68' lang='lat' dir='ltr'>gentiam</span> <span class='ocrx_word' id='word_1_26' title='bbox 452 477 745 532; x_wconf 84' lang='lat' dir='ltr'>peecatorum‘,</span> <span class='ocrx_word' id='word_1_27' title='bbox 778 476 812 519; x_wconf 83' lang='lat' dir='ltr'>si</span> <span class='ocrx_word' id='word_1_28' title='bbox 844 476 906 519; x_wconf 90' lang='lat' dir='ltr'>uis</span> <span class='ocrx_word' id='word_1_29' title='bbox 937 489 1024 518; x_wconf 88' lang='lat' dir='ltr'>esse</span> <span class='ocrx_word' id='word_1_30' title='bbox 1055 475 1295 518; x_wconf 87' lang='lat' dir='ltr'>catholicus.</span> <span class='ocrx_word' id='word_1_31' title='bbox 1330 477 1519 532; x_wconf 85' lang='lat' dir='ltr'>exempla</span> <span class='ocrx_word' id='word_1_32' title='bbox 1551 478 1673 528; x_wconf 84' lang='lat' dir='ltr'>enim,</span> <span class='ocrx_word' id='word_1_33' title='bbox 1707 492 1814 533; x_wconf 86' lang='lat' dir='ltr'>quae</span> 
     </span>
     <span class='ocr_line' id='line_1_5' title="bbox 238 541 1817 597; baseline 0 -11"><span class='ocrx_word' id='word_1_34' title='bbox 238 550 280 586; x_wconf 90' lang='lat' dir='ltr'>te</span> <span class='ocrx_word' id='word_1_35' title='bbox 307 542 472 593; x_wconf 87' lang='lat' dir='ltr'>fallunt,</span> <span class='ocrx_word' id='word_1_36' title='bbox 503 542 568 585; x_wconf 89' lang='lat' dir='ltr'>uel</span> <span class='ocrx_word' id='word_1_37' title='bbox 595 543 646 585; x_wconf 91' lang='lat' dir='ltr'>de</span> <span class='ocrx_word' id='word_1_38' title='bbox 674 542 833 585; x_wconf 87' lang='lat' dir='ltr'>latrone</span> <span class='ocrx_word' id='word_1_39' title='bbox 861 541 932 597; x_wconf 89' lang='lat' dir='ltr'>qui</span> <span class='ocrx_word' id='word_1_40' title='bbox 960 541 1175 584; x_wconf 89' lang='lat' dir='ltr'>dominum</span> <span class='ocrx_word' id='word_1_41' title='bbox 1205 548 1267 584; x_wconf 86' lang='lat' dir='ltr'>est</span> <span class='ocrx_word' id='word_1_42' title='bbox 1295 542 1505 585; x_wconf 84' lang='lat' dir='ltr'>confessus</span> <span class='ocrx_word' id='word_1_43' title='bbox 1535 543 1574 585; x_wconf 90' lang='lat' dir='ltr'>in</span> <span class='ocrx_word' id='word_1_44' title='bbox 1603 557 1722 586; x_wconf 79' lang='lat' dir='ltr'>cruce</span> <span class='ocrx_word' id='word_1_45' title='bbox 1751 545 1817 586; x_wconf 90' lang='lat' dir='ltr'>uel</span> 
     </span>
     <span class='ocr_line' id='line_1_6' title="bbox 238 607 1817 663; baseline -0.001 -11"><span class='ocrx_word' id='word_1_46' title='bbox 238 610 289 652; x_wconf 90' lang='lat' dir='ltr'>de</span> <span class='ocrx_word' id='word_1_47' title='bbox 318 608 445 651; x_wconf 86' lang='lat' dir='ltr'>fratre</span> <span class='ocrx_word' id='word_1_48' title='bbox 473 613 642 651; x_wconf 85' lang='lat' dir='ltr'>sanctae</span> <span class='ocrx_word' id='word_1_49' title='bbox 671 608 901 663; x_wconf 88' lang='lat' dir='ltr'>Perpetuae</span> <span class='ocrx_word' id='word_1_50' title='bbox 930 607 1154 650; x_wconf 81' lang='lat' dir='ltr'>Dinocrate</span> <span class='ocrx_word' id='word_1_51' title='bbox 1185 607 1285 649; x_wconf 87' lang='lat' dir='ltr'>nihil</span> <span class='ocrx_word' id='word_1_52' title='bbox 1323 608 1402 650; x_wconf 88' lang='lat' dir='ltr'>tibi</span> <span class='ocrx_word' id='word_1_53' title='bbox 1437 609 1488 651; x_wconf 91' lang='lat' dir='ltr'>ad</span> <span class='ocrx_word' id='word_1_54' title='bbox 1519 609 1640 651; x_wconf 87' lang='lat' dir='ltr'>huius</span> <span class='ocrx_word' id='word_1_55' title='bbox 1670 610 1817 652; x_wconf 80' lang='lat' dir='ltr'>erroris</span> 
     </span>
     <span class='ocr_line' id='line_1_7' title="bbox 237 673 1815 729; baseline 0 -12"><span class='ocrx_word' id='word_1_56' title='bbox 237 674 487 717; x_wconf 85' lang='lat' dir='ltr'>sententiam</span> <span class='ocrx_word' id='word_1_57' title='bbox 508 674 803 729; x_wconf 79' lang='lat' dir='ltr'><strong>suffragantur.</strong></span> <span class='ocrx_word' id='word_1_58' title='bbox 841 673 947 716; x_wconf 85' lang='lat' dir='ltr'>latro</span> <span class='ocrx_word' id='word_1_59' title='bbox 969 673 1122 728; x_wconf 86' lang='lat' dir='ltr'>quippe</span> <span class='ocrx_word' id='word_1_60' title='bbox 1143 673 1221 721; x_wconf 83' lang='lat' dir='ltr'>ille,</span> <span class='ocrx_word' id='word_1_61' title='bbox 1245 674 1436 729; x_wconf 86' lang='lat' dir='ltr'>quamuis</span> <span class='ocrx_word' id='word_1_62' title='bbox 1458 675 1642 729; x_wconf 87' lang='lat' dir='ltr'>potuerit</span> <span class='ocrx_word' id='word_1_63' title='bbox 1664 676 1815 717; x_wconf 91' lang='lat' dir='ltr'>iudicio</span> 
     </span>
     <span class='ocr_line' id='line_1_8' title="bbox 237 739 1815 795; baseline 0 -12"><span class='ocrx_word' id='word_1_64' title='bbox 237 741 378 783; x_wconf 90' lang='lat' dir='ltr'>diuino</span> <span class='ocrx_word' id='word_1_65' title='bbox 398 740 506 782; x_wconf 89' lang='lat' dir='ltr'>inter</span> <span class='ocrx_word' id='word_1_66' title='bbox 523 753 591 782; x_wconf 91' lang='lat' dir='ltr'>eos</span> <span class='ocrx_word' id='word_1_67' title='bbox 609 739 815 795; x_wconf 87' lang='lat' dir='ltr'>deputari,</span> <span class='ocrx_word' id='word_1_68' title='bbox 835 739 906 794; x_wconf 91' lang='lat' dir='ltr'>qui</span> <span class='ocrx_word' id='word_1_69' title='bbox 924 739 1113 794; x_wconf 84' lang='lat' dir='ltr'>martyrii</span> <span class='ocrx_word' id='word_1_70' title='bbox 1134 739 1389 782; x_wconf 83' lang='lat' dir='ltr'>confessione</span> <span class='ocrx_word' id='word_1_71' title='bbox 1408 745 1654 794; x_wconf 74' lang='lat' dir='ltr'>purgantur,</span> <span class='ocrx_word' id='word_1_72' title='bbox 1674 747 1815 783; x_wconf 82' lang='lat' dir='ltr'>tamen</span> 
     </span>
     <span class='ocr_line' id='line_1_9' title="bbox 238 805 1813 861; baseline -0.001 -12"><span class='ocrx_word' id='word_1_73' title='bbox 238 807 363 849; x_wconf 89' lang='lat' dir='ltr'>etiam</span> <span class='ocrx_word' id='word_1_74' title='bbox 386 812 525 849; x_wconf 88' lang='lat' dir='ltr'>utrum</span> <span class='ocrx_word' id='word_1_75' title='bbox 547 819 629 848; x_wconf 91' lang='lat' dir='ltr'>non</span> <span class='ocrx_word' id='word_1_76' title='bbox 651 805 775 848; x_wconf 83' lang='lat' dir='ltr'>fuerit</span> <span class='ocrx_word' id='word_1_77' title='bbox 796 805 1035 860; x_wconf 87' lang='lat' dir='ltr'>baptizatus</span> <span class='ocrx_word' id='word_1_78' title='bbox 1054 805 1231 858; x_wconf 75' lang='lat' dir='ltr'>ignoras.</span> <span class='ocrx_word' id='word_1_79' title='bbox 1270 819 1380 855; x_wconf 87' lang='lat' dir='ltr'>nam,</span> <span class='ocrx_word' id='word_1_80' title='bbox 1403 811 1450 847; x_wconf 93' lang='lat' dir='ltr'>ut</span> <span class='ocrx_word' id='word_1_81' title='bbox 1471 806 1680 856; x_wconf 87' lang='lat' dir='ltr'>omittam,</span> <span class='ocrx_word' id='word_1_82' title='bbox 1704 808 1813 861; x_wconf 91' lang='lat' dir='ltr'>quod</span> 
     </span>
     <span class='ocr_line' id='line_1_10' title="bbox 237 870 1815 927; baseline 0.001 -14"><span class='ocrx_word' id='word_1_83' title='bbox 237 872 418 915; x_wconf 78' lang='lat' dir='ltr'>ereditur</span> <span class='ocrx_word' id='word_1_84' title='bbox 441 885 552 927; x_wconf 85' lang='lat' dir='ltr'>aqua</span> <span class='ocrx_word' id='word_1_85' title='bbox 575 870 699 913; x_wconf 90' lang='lat' dir='ltr'>simul</span> <span class='ocrx_word' id='word_1_86' title='bbox 722 884 816 913; x_wconf 91' lang='lat' dir='ltr'>cum</span> <span class='ocrx_word' id='word_1_87' title='bbox 842 870 1040 924; x_wconf 75' lang='lat' dir='ltr'>sanguine</span> <span class='ocrx_word' id='word_1_88' title='bbox 1065 870 1258 912; x_wconf 75' lang='lat' dir='ltr'>exiliente</span> <span class='ocrx_word' id='word_1_89' title='bbox 1282 871 1334 912; x_wconf 90' lang='lat' dir='ltr'>de</span> <span class='ocrx_word' id='word_1_90' title='bbox 1359 870 1487 913; x_wconf 87' lang='lat' dir='ltr'>latere</span> <span class='ocrx_word' id='word_1_91' title='bbox 1511 871 1668 913; x_wconf 89' lang='lat' dir='ltr'>domini</span> <span class='ocrx_word' id='word_1_92' title='bbox 1696 872 1815 914; x_wconf 87' lang='lat' dir='ltr'>iuxta</span> 
     </span>
     <span class='ocr_line' id='line_1_11' title="bbox 238 936 1812 992; baseline -0.001 -12"><span class='ocrx_word' id='word_1_93' title='bbox 238 938 426 980; x_wconf 85' lang='lat' dir='ltr'>confixus</span> <span class='ocrx_word' id='word_1_94' title='bbox 445 937 628 992; x_wconf 88' lang='lat' dir='ltr'>potuisse</span> <span class='ocrx_word' id='word_1_95' title='bbox 646 936 837 992; x_wconf 87' lang='lat' dir='ltr'>perfundi</span> <span class='ocrx_word' id='word_1_96' title='bbox 856 941 983 992; x_wconf 85' lang='lat' dir='ltr'>atque</span> <span class='ocrx_word' id='word_1_97' title='bbox 1012 936 1247 978; x_wconf 90' lang='lat' dir='ltr'>huiusmodi</span> <span class='ocrx_word' id='word_1_98' title='bbox 1276 937 1537 979; x_wconf 85' lang='lat' dir='ltr'>sanctissimo</span> <span class='ocrx_word' id='word_1_99' title='bbox 1559 937 1812 992; x_wconf 83' lang='lat' dir='ltr'>baptismate</span> 
     </span>
     <span class='ocr_line' id='line_1_12' title="bbox 238 1002 1815 1058; baseline 0.001 -13"><span class='ocrx_word' id='word_1_100' title='bbox 238 1003 352 1054; x_wconf 89' lang='lat' dir='ltr'>dilui,</span> <span class='ocrx_word' id='word_1_101' title='bbox 379 1003 478 1058; x_wconf 91' lang='lat' dir='ltr'>quid</span> <span class='ocrx_word' id='word_1_102' title='bbox 505 1003 537 1044; x_wconf 90' lang='lat' dir='ltr'>si</span> <span class='ocrx_word' id='word_1_103' title='bbox 562 1003 603 1045; x_wconf 91' lang='lat' dir='ltr'>in</span> <span class='ocrx_word' id='word_1_104' title='bbox 629 1015 789 1045; x_wconf 86' lang='lat' dir='ltr'>carcere</span> <span class='ocrx_word' id='word_1_105' title='bbox 814 1002 950 1045; x_wconf 86' lang='lat' dir='ltr'>fuerat</span> <span class='ocrx_word' id='word_1_106' title='bbox 975 1002 1226 1057; x_wconf 83' lang='lat' dir='ltr'>baptizatus,</span> <span class='ocrx_word' id='word_1_107' title='bbox 1254 1003 1365 1057; x_wconf 93' lang='lat' dir='ltr'>quod</span> <span class='ocrx_word' id='word_1_108' title='bbox 1391 1008 1432 1044; x_wconf 90' lang='lat' dir='ltr'>et</span> <span class='ocrx_word' id='word_1_109' title='bbox 1458 1009 1604 1057; x_wconf 87' lang='lat' dir='ltr'>postea</span> <span class='ocrx_word' id='word_1_110' title='bbox 1629 1017 1815 1058; x_wconf 88' lang='lat' dir='ltr'>perseeu-</span> 
     </span>
     <span class='ocr_line' id='line_1_13' title="bbox 237 1067 1815 1124; baseline 0 -13"><span class='ocrx_word' id='word_1_111' title='bbox 237 1069 361 1112; x_wconf 84' lang='lat' dir='ltr'>tionis</span> <span class='ocrx_word' id='word_1_112' title='bbox 389 1075 575 1124; x_wconf 89' lang='lat' dir='ltr'>tempore</span> <span class='ocrx_word' id='word_1_113' title='bbox 603 1067 789 1111; x_wconf 89' lang='lat' dir='ltr'>nonnulli</span> <span class='ocrx_word' id='word_1_114' title='bbox 817 1067 1002 1110; x_wconf 87' lang='lat' dir='ltr'>clanculo</span> <span class='ocrx_word' id='word_1_115' title='bbox 1031 1068 1252 1123; x_wconf 89' lang='lat' dir='ltr'>impetrare</span> <span class='ocrx_word' id='word_1_116' title='bbox 1280 1068 1538 1123; x_wconf 82' lang='lat' dir='ltr'>potuerunt?</span> <span class='ocrx_word' id='word_1_117' title='bbox 1584 1069 1682 1123; x_wconf 86' lang='lat' dir='ltr'>quid</span> <span class='ocrx_word' id='word_1_118' title='bbox 1712 1069 1745 1110; x_wconf 91' lang='lat' dir='ltr'>si</span> <span class='ocrx_word' id='word_1_119' title='bbox 1773 1074 1815 1111; x_wconf 91' lang='lat' dir='ltr'>et</span> 
     </span>
     <span class='ocr_line' id='line_1_14' title="bbox 236 1133 1812 1190; baseline -0.001 -13"><span class='ocrx_word' id='word_1_120' title='bbox 236 1142 461 1190; x_wconf 77' lang='lat' dir='ltr'>antequam</span> <span class='ocrx_word' id='word_1_121' title='bbox 484 1133 724 1176; x_wconf 82' lang='lat' dir='ltr'>teneretur?</span> <span class='ocrx_word' id='word_1_122' title='bbox 764 1147 897 1189; x_wconf 90' lang='lat' dir='ltr'>neque</span> <span class='ocrx_word' id='word_1_123' title='bbox 920 1134 1029 1176; x_wconf 92' lang='lat' dir='ltr'>enim</span> <span class='ocrx_word' id='word_1_124' title='bbox 1054 1140 1273 1188; x_wconf 85' lang='lat' dir='ltr'>propterea</span> <span class='ocrx_word' id='word_1_125' title='bbox 1296 1133 1353 1175; x_wconf 89' lang='lat' dir='ltr'>illi</span> <span class='ocrx_word' id='word_1_126' title='bbox 1376 1133 1565 1188; x_wconf 87' lang='lat' dir='ltr'>publicae</span> <span class='ocrx_word' id='word_1_127' title='bbox 1589 1134 1694 1182; x_wconf 57' lang='lat' dir='ltr'>leges</span> <span class='ocrx_word' id='word_1_128' title='bbox 1720 1148 1812 1189; x_wconf 82' lang='lat' dir='ltr'>par-</span> 
     </span>
     <span class='ocr_line' id='line_1_15' title="bbox 238 1198 1815 1256; baseline -0.001 -13"><span class='ocrx_word' id='word_1_129' title='bbox 238 1214 327 1243; x_wconf 86' lang='lat' dir='ltr'>cere</span> <span class='ocrx_word' id='word_1_130' title='bbox 359 1206 567 1256; x_wconf 82' lang='lat' dir='ltr'>poterant,</span> <span class='ocrx_word' id='word_1_131' title='bbox 611 1205 816 1255; x_wconf 82' lang='lat' dir='ltr'>quantum</span> <span class='ocrx_word' id='word_1_132' title='bbox 858 1198 1022 1241; x_wconf 85' lang='lat' dir='ltr'>adtinet</span> <span class='ocrx_word' id='word_1_133' title='bbox 1064 1200 1115 1241; x_wconf 84' lang='lat' dir='ltr'>ad</span> <span class='ocrx_word' id='word_1_134' title='bbox 1159 1199 1340 1254; x_wconf 74' lang='lat' dir='ltr'>corporis</span> <span class='ocrx_word' id='word_1_135' title='bbox 1383 1206 1573 1247; x_wconf 81' lang='lat' dir='ltr'>mortem,</span> <span class='ocrx_word' id='word_1_136' title='bbox 1617 1200 1815 1255; x_wconf 85' lang='lat' dir='ltr'>quoniam</span> 
     </span>
     <span class='ocr_line' id='line_1_16' title="bbox 191 1265 1812 1320; baseline 0 -12"><span class='ocrx_word' id='word_1_137' title='bbox 191 1278 202 1284; x_wconf 89' lang='lat'>·</span> <span class='ocrx_word' id='word_1_138' title='bbox 236 1266 438 1309; x_wconf 91' lang='lat' dir='ltr'>diuinitus</span> <span class='ocrx_word' id='word_1_139' title='bbox 456 1266 735 1308; x_wconf 85' lang='lat' dir='ltr'>remissionem</span> <span class='ocrx_word' id='word_1_140' title='bbox 754 1271 969 1320; x_wconf 86' lang='lat' dir='ltr'>acceperat</span> <span class='ocrx_word' id='word_1_141' title='bbox 987 1271 1265 1320; x_wconf 83' lang='lat' dir='ltr'>peccatorum.</span> <span class='ocrx_word' id='word_1_142' title='bbox 1301 1265 1399 1320; x_wconf 89' lang='lat' dir='ltr'>quid</span> <span class='ocrx_word' id='word_1_143' title='bbox 1420 1266 1452 1306; x_wconf 89' lang='lat' dir='ltr'>si</span> <span class='ocrx_word' id='word_1_144' title='bbox 1473 1265 1553 1307; x_wconf 84' lang='lat' dir='ltr'>iam</span> <span class='ocrx_word' id='word_1_145' title='bbox 1574 1265 1812 1320; x_wconf 86' lang='lat' dir='ltr'>baptizatus</span> 
     </span>
     <span class='ocr_line' id='line_1_17' title="bbox 235 1331 1812 1386; baseline -0.001 -12"><span class='ocrx_word' id='word_1_146' title='bbox 235 1332 275 1374; x_wconf 89' lang='lat' dir='ltr'>in</span> <span class='ocrx_word' id='word_1_147' title='bbox 298 1332 502 1374; x_wconf 88' lang='lat' dir='ltr'>latrocinii</span> <span class='ocrx_word' id='word_1_148' title='bbox 524 1331 684 1374; x_wconf 87' lang='lat' dir='ltr'>facinus</span> <span class='ocrx_word' id='word_1_149' title='bbox 706 1337 748 1373; x_wconf 90' lang='lat' dir='ltr'>ct</span> <span class='ocrx_word' id='word_1_150' title='bbox 769 1331 922 1373; x_wconf 87' lang='lat' dir='ltr'>crimen</span> <span class='ocrx_word' id='word_1_151' title='bbox 945 1331 1172 1373; x_wconf 85' lang='lat' dir='ltr'>incurrerat</span> <span class='ocrx_word' id='word_1_152' title='bbox 1194 1336 1235 1372; x_wconf 89' lang='lat' dir='ltr'>et</span> <span class='ocrx_word' id='word_1_153' title='bbox 1258 1344 1339 1372; x_wconf 91' lang='lat' dir='ltr'>non</span> <span class='ocrx_word' id='word_1_154' title='bbox 1363 1344 1508 1386; x_wconf 84' lang='lat' dir='ltr'>expers</span> <span class='ocrx_word' id='word_1_155' title='bbox 1530 1331 1812 1386; x_wconf 82' lang='lat' dir='ltr'>baptismatis,</span> 
     </span>
     <span class='ocr_line' id='line_1_18' title="bbox 237 1396 1814 1453; baseline 0 -14"><span class='ocrx_word' id='word_1_156' title='bbox 237 1398 307 1440; x_wconf 87' lang='lat' dir='ltr'>sed</span> <span class='ocrx_word' id='word_1_157' title='bbox 335 1403 554 1453; x_wconf 80' lang='lat' dir='ltr'>tamquam</span> <span class='ocrx_word' id='word_1_158' title='bbox 582 1397 798 1452; x_wconf 88' lang='lat' dir='ltr'>paenitens</span> <span class='ocrx_word' id='word_1_159' title='bbox 828 1396 987 1451; x_wconf 83' lang='lat' dir='ltr'>accepit</span> <span class='ocrx_word' id='word_1_160' title='bbox 1016 1396 1213 1438; x_wconf 89' lang='lat' dir='ltr'>scelerum</span> <span class='ocrx_word' id='word_1_161' title='bbox 1243 1396 1407 1438; x_wconf 88' lang='lat' dir='ltr'>ueniam</span> <span class='ocrx_word' id='word_1_162' title='bbox 1438 1410 1544 1451; x_wconf 88' lang='lat' dir='ltr'>quae</span> <span class='ocrx_word' id='word_1_163' title='bbox 1573 1397 1814 1452; x_wconf 82' lang='lat' dir='ltr'>baptizatus</span> 
     </span>
     <span class='ocr_line' id='line_1_19' title="bbox 234 1461 1812 1518; baseline -0.001 -13"><span class='ocrx_word' id='word_1_164' title='bbox 234 1462 448 1505; x_wconf 83' lang='lat' dir='ltr'>ammisit?</span> <span class='ocrx_word' id='word_1_165' title='bbox 480 1463 647 1518; x_wconf 85' lang='lat' dir='ltr'>quando</span> <span class='ocrx_word' id='word_1_166' title='bbox 678 1463 846 1518; x_wconf 87' lang='lat' dir='ltr'>quidem</span> <span class='ocrx_word' id='word_1_167' title='bbox 877 1462 1011 1517; x_wconf 86' lang='lat' dir='ltr'>pietas</span> <span class='ocrx_word' id='word_1_168' title='bbox 1040 1467 1129 1504; x_wconf 87' lang='lat' dir='ltr'>tam</span> <span class='ocrx_word' id='word_1_169' title='bbox 1162 1461 1295 1504; x_wconf 86' lang='lat' dir='ltr'>fidelis</span> <span class='ocrx_word' id='word_1_170' title='bbox 1326 1468 1367 1504; x_wconf 85' lang='lat' dir='ltr'>et</span> <span class='ocrx_word' id='word_1_171' title='bbox 1398 1462 1567 1504; x_wconf 85' lang='lat' dir='ltr'>domino</span> <span class='ocrx_word' id='word_1_172' title='bbox 1599 1462 1640 1504; x_wconf 93' lang='lat' dir='ltr'>in</span> <span class='ocrx_word' id='word_1_173' title='bbox 1672 1463 1812 1505; x_wconf 87' lang='lat' dir='ltr'>animo</span> 
     </span>
     <span class='ocr_line' id='line_1_20' title="bbox 235 1527 1813 1583; baseline 0 -13"><span class='ocrx_word' id='word_1_174' title='bbox 235 1529 322 1571; x_wconf 89' lang='lat' dir='ltr'>eius</span> <span class='ocrx_word' id='word_1_175' title='bbox 349 1535 390 1570; x_wconf 89' lang='lat' dir='ltr'>et</span> <span class='ocrx_word' id='word_1_176' title='bbox 419 1528 537 1570; x_wconf 91' lang='lat' dir='ltr'>nobis</span> <span class='ocrx_word' id='word_1_177' title='bbox 564 1529 605 1570; x_wconf 94' lang='lat' dir='ltr'>in</span> <span class='ocrx_word' id='word_1_178' title='bbox 634 1528 769 1570; x_wconf 90' lang='lat' dir='ltr'>uerbis</span> <span class='ocrx_word' id='word_1_179' title='bbox 801 1528 887 1570; x_wconf 86' lang='lat' dir='ltr'>eius</span> <span class='ocrx_word' id='word_1_180' title='bbox 923 1528 1131 1583; x_wconf 86' lang='lat' dir='ltr'>apparuit.</span> <span class='ocrx_word' id='word_1_181' title='bbox 1177 1541 1274 1570; x_wconf 84' lang='lat' dir='ltr'>nam</span> <span class='ocrx_word' id='word_1_182' title='bbox 1302 1527 1335 1569; x_wconf 83' lang='lat' dir='ltr'>si</span> <span class='ocrx_word' id='word_1_183' title='bbox 1363 1541 1444 1578; x_wconf 81' lang='lat' dir='ltr'>eOS,</span> <span class='ocrx_word' id='word_1_184' title='bbox 1473 1528 1524 1570; x_wconf 88' lang='lat' dir='ltr'>de</span> <span class='ocrx_word' id='word_1_185' title='bbox 1553 1528 1703 1583; x_wconf 91' lang='lat' dir='ltr'>quibus</span> <span class='ocrx_word' id='word_1_186' title='bbox 1733 1542 1813 1570; x_wconf 91' lang='lat' dir='ltr'>non</span> 
     </span>
    </p>
   </div>
   <div class='ocr_carea' id='block_1_3' title="bbox 164 1593 1816 1649">
    <p class='ocr_par' dir='ltr' id='par_1_3' title="bbox 164 1593 1816 1649">
     <span class='ocr_line' id='line_1_21' title="bbox 164 1593 1816 1649; baseline 0.001 -14"><span class='ocrx_word' id='word_1_187' title='bbox 164 1607 172 1618; x_wconf 88' lang='lat'><strong>·</strong></span> <span class='ocrx_word' id='word_1_188' title='bbox 236 1594 435 1649; x_wconf 86' lang='lat' dir='ltr'>scriptum</span> <span class='ocrx_word' id='word_1_189' title='bbox 467 1600 529 1636; x_wconf 90' lang='lat' dir='ltr'>est</span> <span class='ocrx_word' id='word_1_190' title='bbox 562 1599 702 1636; x_wconf 89' lang='lat' dir='ltr'>utrum</span> <span class='ocrx_word' id='word_1_191' title='bbox 735 1594 888 1636; x_wconf 85' lang='lat' dir='ltr'>fuerint</span> <span class='ocrx_word' id='word_1_192' title='bbox 922 1593 1138 1648; x_wconf 85' lang='lat' dir='ltr'>baptizati,</span> <span class='ocrx_word' id='word_1_193' title='bbox 1170 1593 1258 1635; x_wconf 86' lang='lat' dir='ltr'>sine</span> <span class='ocrx_word' id='word_1_194' title='bbox 1291 1593 1500 1648; x_wconf 82' lang='lat' dir='ltr'>baptismo</span> <span class='ocrx_word' id='word_1_195' title='bbox 1531 1594 1583 1636; x_wconf 91' lang='lat' dir='ltr'>de</span> <span class='ocrx_word' id='word_1_196' title='bbox 1615 1594 1692 1636; x_wconf 88' lang='lat' dir='ltr'>hac</span> <span class='ocrx_word' id='word_1_197' title='bbox 1726 1594 1816 1636; x_wconf 89' lang='lat' dir='ltr'>uita</span> 
     </span>
    </p>
   </div>
   <div class='ocr_carea' id='block_1_4' title="bbox 233 1659 1818 1911">
    <p class='ocr_par' dir='ltr' id='par_1_4' title="bbox 233 1659 1818 1911">
     <span class='ocr_line' id='line_1_22' title="bbox 236 1659 1818 1714; baseline -0.001 -13"><span class='ocrx_word' id='word_1_198' title='bbox 236 1660 445 1703; x_wconf 75' lang='lat' dir='ltr'>recessisse</span> <span class='ocrx_word' id='word_1_199' title='bbox 481 1660 784 1711; x_wconf 83' lang='lat' dir='ltr'>contendimus,</span> <span class='ocrx_word' id='word_1_200' title='bbox 821 1660 920 1714; x_wconf 90' lang='lat' dir='ltr'>ipsis</span> <span class='ocrx_word' id='word_1_201' title='bbox 955 1659 1259 1701; x_wconf 87' lang='lat' dir='ltr'>calumniamur</span> <span class='ocrx_word' id='word_1_202' title='bbox 1295 1659 1506 1714; x_wconf 86' lang='lat' dir='ltr'>apostolis,</span> <span class='ocrx_word' id='word_1_203' title='bbox 1545 1659 1617 1714; x_wconf 92' lang='lat' dir='ltr'>qui</span> <span class='ocrx_word' id='word_1_204' title='bbox 1653 1666 1818 1714; x_wconf 85' lang='lat' dir='ltr'>praeter</span> 
     </span>
     <span class='ocr_line' id='line_1_23' title="bbox 234 1725 1814 1781; baseline -0.001 -13"><span class='ocrx_word' id='word_1_205' title='bbox 234 1725 468 1781; x_wconf 87' lang='lat' dir='ltr'>apostolum</span> <span class='ocrx_word' id='word_1_206' title='bbox 489 1725 665 1768; x_wconf 87' lang='lat' dir='ltr'>Paulum</span> <span class='ocrx_word' id='word_1_207' title='bbox 685 1726 853 1781; x_wconf 86' lang='lat' dir='ltr'>quando</span> <span class='ocrx_word' id='word_1_208' title='bbox 875 1725 1077 1780; x_wconf 89' lang='lat' dir='ltr'>baptizati</span> <span class='ocrx_word' id='word_1_209' title='bbox 1097 1725 1250 1767; x_wconf 86' lang='lat' dir='ltr'>fuerint</span> <span class='ocrx_word' id='word_1_210' title='bbox 1270 1725 1519 1778; x_wconf 80' lang='lat' dir='ltr'>ignoramus.</span> <span class='ocrx_word' id='word_1_211' title='bbox 1555 1725 1626 1766; x_wconf 89' lang='lat' dir='ltr'>sed</span> <span class='ocrx_word' id='word_1_212' title='bbox 1648 1726 1684 1766; x_wconf 92' lang='lat' dir='ltr'>si</span> <span class='ocrx_word' id='word_1_213' title='bbox 1705 1725 1814 1780; x_wconf 83' lang='lat' dir='ltr'>ipsos</span> 
     </span>
     <span class='ocr_line' id='line_1_24' title="bbox 236 1790 1817 1847; baseline -0.001 -14"><span class='ocrx_word' id='word_1_214' title='bbox 236 1791 470 1847; x_wconf 80' lang='lat' dir='ltr'>baptizatos</span> <span class='ocrx_word' id='word_1_215' title='bbox 494 1805 580 1833; x_wconf 89' lang='lat' dir='ltr'>esse</span> <span class='ocrx_word' id='word_1_216' title='bbox 604 1804 677 1846; x_wconf 91' lang='lat' dir='ltr'>per</span> <span class='ocrx_word' id='word_1_217' title='bbox 699 1791 776 1833; x_wconf 93' lang='lat' dir='ltr'>hoc</span> <span class='ocrx_word' id='word_1_218' title='bbox 801 1791 920 1833; x_wconf 87' lang='lat' dir='ltr'>nobis</span> <span class='ocrx_word' id='word_1_219' title='bbox 944 1791 1198 1833; x_wconf 85' lang='lat' dir='ltr'>innotescere</span> <span class='ocrx_word' id='word_1_220' title='bbox 1223 1790 1374 1845; x_wconf 84' lang='lat' dir='ltr'>potuit,</span> <span class='ocrx_word' id='word_1_221' title='bbox 1402 1791 1513 1845; x_wconf 92' lang='lat' dir='ltr'>quod</span> <span class='ocrx_word' id='word_1_222' title='bbox 1539 1790 1664 1833; x_wconf 87' lang='lat' dir='ltr'>beato</span> <span class='ocrx_word' id='word_1_223' title='bbox 1691 1791 1817 1832; x_wconf 86' lang='lat' dir='ltr'>Petro</span> 
     </span>
     <span class='ocr_line' id='line_1_25' title="bbox 233 1854 1817 1911; baseline -0.001 -12"><span class='ocrx_word' id='word_1_224' title='bbox 233 1857 424 1899; x_wconf 86' lang='lat' dir='ltr'>dominus</span> <span class='ocrx_word' id='word_1_225' title='bbox 460 1857 538 1899; x_wconf 88' lang='lat' dir='ltr'>ait:</span> <span class='ocrx_word' id='word_1_226' title='bbox 581 1856 670 1911; x_wconf 92' lang='lat' dir='ltr'>qui</span> <span class='ocrx_word' id='word_1_227' title='bbox 708 1858 854 1899; x_wconf 87' lang='lat' dir='ltr'>lotus</span> <span class='ocrx_word' id='word_1_228' title='bbox 890 1860 984 1906; x_wconf 87' lang='lat' dir='ltr'>est,</span> <span class='ocrx_word' id='word_1_229' title='bbox 1018 1869 1118 1899; x_wconf 92' lang='lat' dir='ltr'>non</span> <span class='ocrx_word' id='word_1_230' title='bbox 1149 1854 1372 1909; x_wconf 86' lang='lat' dir='ltr'>indiget,</span> <span class='ocrx_word' id='word_1_231' title='bbox 1416 1861 1472 1898; x_wconf 84' lang='lat' dir='ltr'>ut</span> <span class='ocrx_word' id='word_1_232' title='bbox 1503 1856 1667 1902; x_wconf 79' lang='lat' dir='ltr'>lauet,</span> <span class='ocrx_word' id='word_1_233' title='bbox 1717 1856 1817 1911; x_wconf 89' lang='lat' dir='ltr'>quid</span> 
     </span>
    </p>
   </div>
   <div class='ocr_carea' id='block_1_5' title="bbox 164 1921 1819 1978">
    <p class='ocr_par' dir='ltr' id='par_1_5' title="bbox 164 1921 1819 1978">
     <span class='ocr_line' id='line_1_26' title="bbox 164 1921 1819 1978; baseline -0.001 -14"><span class='ocrx_word' id='word_1_234' title='bbox 164 1937 171 1946; x_wconf 89' lang='lat'><strong>·</strong></span> <span class='ocrx_word' id='word_1_235' title='bbox 236 1923 287 1964; x_wconf 92' lang='lat' dir='ltr'>de</span> <span class='ocrx_word' id='word_1_236' title='bbox 315 1922 421 1973; x_wconf 87' lang='lat' dir='ltr'>aliis,</span> <span class='ocrx_word' id='word_1_237' title='bbox 450 1923 501 1964; x_wconf 92' lang='lat' dir='ltr'>de</span> <span class='ocrx_word' id='word_1_238' title='bbox 530 1922 682 1978; x_wconf 91' lang='lat' dir='ltr'>quibus</span> <span class='ocrx_word' id='word_1_239' title='bbox 711 1922 776 1964; x_wconf 91' lang='lat' dir='ltr'>uel</span> <span class='ocrx_word' id='word_1_240' title='bbox 804 1922 888 1964; x_wconf 86' lang='lat' dir='ltr'>tale</span> <span class='ocrx_word' id='word_1_241' title='bbox 917 1921 1018 1964; x_wconf 90' lang='lat' dir='ltr'>nihil</span> <span class='ocrx_word' id='word_1_242' title='bbox 1046 1921 1218 1973; x_wconf 76' lang='lat' dir='ltr'>legimus</span> <span class='ocrx_word' id='word_1_243' title='bbox 1246 1921 1420 1971; x_wconf 88' lang='lat' dir='ltr'>dictum,</span> <span class='ocrx_word' id='word_1_244' title='bbox 1449 1922 1500 1963; x_wconf 84' lang='lat' dir='ltr'>dc</span> <span class='ocrx_word' id='word_1_245' title='bbox 1531 1921 1737 1971; x_wconf 86' lang='lat' dir='ltr'>Barnaba,</span> <span class='ocrx_word' id='word_1_246' title='bbox 1767 1922 1819 1963; x_wconf 85' lang='lat' dir='ltr'>de</span> 
     </span>
    </p>
   </div>
   <div class='ocr_carea' id='block_1_6' title="bbox 0 0 213 3204">
    <p class='ocr_par' dir='ltr' id='par_1_6' title="bbox 0 0 213 3204">
     <span class='ocr_line' id='line_1_27' title="bbox 0 0 213 3204; baseline 0 0"><span class='ocrx_word' id='word_1_247' title='bbox 0 0 213 3204; x_wconf 95' lang='lat' dir='ltr'> </span> 
     </span>
    </p>
   </div>
   <div class='ocr_carea' id='block_1_7' title="bbox 234 1986 1819 2107">
    <p class='ocr_par' dir='ltr' id='par_1_7' title="bbox 234 1986 1819 2107">
     <span class='ocr_line' id='line_1_28' title="bbox 234 1986 1819 2041; baseline -0.001 -12"><span class='ocrx_word' id='word_1_248' title='bbox 234 1988 467 2034; x_wconf 82' lang='lat' dir='ltr'>Timotheo,</span> <span class='ocrx_word' id='word_1_249' title='bbox 504 1988 555 2029; x_wconf 89' lang='lat' dir='ltr'>de</span> <span class='ocrx_word' id='word_1_250' title='bbox 591 1987 699 2038; x_wconf 89' lang='lat' dir='ltr'>Tito,</span> <span class='ocrx_word' id='word_1_251' title='bbox 735 1988 786 2029; x_wconf 87' lang='lat' dir='ltr'>de</span> <span class='ocrx_word' id='word_1_252' title='bbox 824 1987 921 2037; x_wconf 82' lang='lat' dir='ltr'>Sila,</span> <span class='ocrx_word' id='word_1_253' title='bbox 958 1987 1008 2028; x_wconf 89' lang='lat' dir='ltr'>de</span> <span class='ocrx_word' id='word_1_254' title='bbox 1044 1986 1297 2036; x_wconf 85' lang='lat' dir='ltr'>Philemone,</span> <span class='ocrx_word' id='word_1_255' title='bbox 1334 1987 1384 2028; x_wconf 83' lang='lat' dir='ltr'>de</span> <span class='ocrx_word' id='word_1_256' title='bbox 1420 1986 1518 2041; x_wconf 89' lang='lat' dir='ltr'>ipsis</span> <span class='ocrx_word' id='word_1_257' title='bbox 1553 1986 1819 2039; x_wconf 75' lang='lat' dir='ltr'>euangelistis</span> 
     </span>
     <span class='ocr_line' id='line_1_29' title="bbox 234 2051 1813 2107; baseline -0.001 -13"><span class='ocrx_word' id='word_1_258' title='bbox 234 2053 371 2096; x_wconf 81' lang='lat' dir='ltr'>Marco</span> <span class='ocrx_word' id='word_1_259' title='bbox 393 2060 434 2095; x_wconf 89' lang='lat' dir='ltr'>et</span> <span class='ocrx_word' id='word_1_260' title='bbox 456 2053 580 2104; x_wconf 84' lang='lat' dir='ltr'>Luca,</span> <span class='ocrx_word' id='word_1_261' title='bbox 603 2053 654 2095; x_wconf 89' lang='lat' dir='ltr'>de</span> <span class='ocrx_word' id='word_1_262' title='bbox 674 2052 1044 2095; x_wconf 86' lang='lat' dir='ltr'>inmunerabilibus</span> <span class='ocrx_word' id='word_1_263' title='bbox 1065 2052 1223 2102; x_wconf 80' lang='lat' dir='ltr'>ceteris,</span> <span class='ocrx_word' id='word_1_264' title='bbox 1247 2065 1350 2107; x_wconf 87' lang='lat' dir='ltr'>quos</span> <span class='ocrx_word' id='word_1_265' title='bbox 1372 2051 1483 2094; x_wconf 90' lang='lat' dir='ltr'>absit</span> <span class='ocrx_word' id='word_1_266' title='bbox 1505 2058 1551 2094; x_wconf 94' lang='lat' dir='ltr'>ut</span> <span class='ocrx_word' id='word_1_267' title='bbox 1574 2052 1813 2107; x_wconf 86' lang='lat' dir='ltr'>baptizatos</span> 
     </span>
    </p>
   </div>
   <div class='ocr_carea' id='block_1_8' title="bbox 235 2205 1816 2309">
    <p class='ocr_par' dir='ltr' id='par_1_8' title="bbox 235 2205 1816 2309">
     <span class='ocr_line' id='line_1_30' title="bbox 325 2205 1816 2252; baseline -0.001 -10"><span class='ocrx_word' id='word_1_268' title='bbox 325 2209 339 2242; x_wconf 97' lang='grc'>1</span> <span class='ocrx_word' id='word_1_269' title='bbox 360 2206 460 2242; x_wconf 81' lang='lat' dir='ltr'>vinc.</span> <span class='ocrx_word' id='word_1_270' title='bbox 473 2205 606 2248; x_wconf 79' lang='lat' dir='ltr'>Victor;</span> <span class='ocrx_word' id='word_1_271' title='bbox 625 2205 669 2242; x_wconf 80' lang='lat' dir='ltr'>cf.</span> <span class='ocrx_word' id='word_1_272' title='bbox 682 2216 761 2252; x_wconf 84' lang='lat' dir='ltr'>pag.</span> <span class='ocrx_word' id='word_1_273' title='bbox 775 2206 969 2242; x_wconf 85' lang='lat'>310—312.</span> <span class='ocrx_word' id='word_1_274' title='bbox 988 2206 1116 2249; x_wconf 82' lang='lat'>348,11</span> <span class='ocrx_word' id='word_1_275' title='bbox 1167 2207 1188 2241; x_wconf 86' lang='lat'>4</span> <span class='ocrx_word' id='word_1_276' title='bbox 1202 2205 1248 2243; x_wconf 79' lang='lat' dir='ltr'>cf.</span> <span class='ocrx_word' id='word_1_277' title='bbox 1263 2205 1347 2241; x_wconf 89' lang='lat' dir='ltr'>Luc.</span> <span class='ocrx_word' id='word_1_278' title='bbox 1366 2206 1420 2248; x_wconf 86' lang='lat'>23,</span> <span class='ocrx_word' id='word_1_279' title='bbox 1432 2206 1476 2242; x_wconf 84' lang='lat'>43</span> <span class='ocrx_word' id='word_1_280' title='bbox 1524 2207 1562 2242; x_wconf 88' lang='lat'>21</span> <span class='ocrx_word' id='word_1_281' title='bbox 1581 2205 1625 2241; x_wconf 71' lang='lat' dir='ltr'>ef.</span> <span class='ocrx_word' id='word_1_282' title='bbox 1638 2206 1716 2241; x_wconf 77' lang='lat' dir='ltr'>Act.</span> <span class='ocrx_word' id='word_1_283' title='bbox 1729 2205 1760 2247; x_wconf 87' lang='grc'>9,</span> <span class='ocrx_word' id='word_1_284' title='bbox 1774 2206 1816 2241; x_wconf 90' lang='grc'><strong>18</strong></span> 
     </span>
     <span class='ocr_line' id='line_1_31' title="bbox 235 2267 504 2309; baseline -0.004 -6"><span class='ocrx_word' id='word_1_285' title='bbox 235 2268 277 2303; x_wconf 89' lang='grc'>24</span> <span class='ocrx_word' id='word_1_286' title='bbox 296 2267 370 2304; x_wconf 91' lang='lat' dir='ltr'>Ioh.</span> <span class='ocrx_word' id='word_1_287' title='bbox 390 2268 444 2309; x_wconf 88' lang='lat'>13,</span> <span class='ocrx_word' id='word_1_288' title='bbox 460 2268 504 2302; x_wconf 87' lang='lat'>10</span> 
     </span>
    </p>
   </div>
   <div class='ocr_carea' id='block_1_9' title="bbox 232 2360 1814 2947">
    <p class='ocr_par' dir='ltr' id='par_1_9' title="bbox 232 2360 1814 2878">
     <span class='ocr_line' id='line_1_32' title="bbox 325 2360 1812 2408; baseline -0.003 -9"><span class='ocrx_word' id='word_1_289' title='bbox 325 2364 342 2399; x_wconf 94' lang='lat'><strong>1</strong></span> <span class='ocrx_word' id='word_1_290' title='bbox 367 2362 441 2398; x_wconf 91' lang='lat' dir='ltr'>noli</span> <span class='ocrx_word' id='word_1_291' title='bbox 465 2362 579 2399; x_wconf 87' lang='lat' dir='ltr'>dicere</span> <span class='ocrx_word' id='word_1_292' title='bbox 606 2361 679 2398; x_wconf 89' lang='lat' dir='ltr'>noli</span> <span class='ocrx_word' id='word_1_293' title='bbox 703 2361 826 2398; x_wconf 85' lang='lat' dir='ltr'>docere</span> <span class='ocrx_word' id='word_1_294' title='bbox 847 2361 984 2398; x_wconf 81' lang='lat' dir='ltr'>BCITb</span> <span class='ocrx_word' id='word_1_295' title='bbox 1076 2362 1097 2398; x_wconf 89' lang='lat'>2</span> <span class='ocrx_word' id='word_1_296' title='bbox 1125 2361 1394 2408; x_wconf 66' lang='lat' dir='ltr'>baptizarentur</span> <span class='ocrx_word' id='word_1_297' title='bbox 1412 2361 1547 2397; x_wconf 85' lang='lat' dir='ltr'><em>ABCH</em></span> <span class='ocrx_word' id='word_1_298' title='bbox 1641 2360 1812 2397; x_wconf 64' lang='lat' dir='ltr'>mortedi</span> 
     </span>
     <span class='ocr_line' id='line_1_33' title="bbox 234 2411 1811 2469; baseline -0.002 -12"><span class='ocrx_word' id='word_1_299' title='bbox 234 2423 489 2469; x_wconf 78' lang='lat' dir='ltr'>praeuentusA</span> <span class='ocrx_word' id='word_1_300' title='bbox 547 2423 569 2458; x_wconf 91' lang='lat'>3</span> <span class='ocrx_word' id='word_1_301' title='bbox 586 2420 790 2458; x_wconf 76' lang='lat' dir='ltr'>catholicic</span> <span class='ocrx_word' id='word_1_302' title='bbox 851 2423 872 2457; x_wconf 84' lang='lat'>4</span> <span class='ocrx_word' id='word_1_303' title='bbox 888 2421 974 2468; x_wconf 91' lang='lat' dir='ltr'>quid</span> <span class='ocrx_word' id='word_1_304' title='bbox 991 2431 1119 2457; x_wconf 83' lang='lat' dir='ltr'>nomen</span> <span class='ocrx_word' id='word_1_305' title='bbox 1130 2421 1165 2457; x_wconf 76' lang='lat' dir='ltr'><strong><em>A</em></strong></span> <span class='ocrx_word' id='word_1_306' title='bbox 1220 2411 1270 2457; x_wconf 68' lang='lat' dir='ltr'>dfi</span> <span class='ocrx_word' id='word_1_307' title='bbox 1282 2421 1311 2456; x_wconf 87' lang='lat' dir='ltr'><em>C</em></span> <span class='ocrx_word' id='word_1_308' title='bbox 1328 2412 1399 2458; x_wconf 68' lang='lat' dir='ltr'>diio&#39;</span> <span class='ocrx_word' id='word_1_309' title='bbox 1411 2421 1445 2457; x_wconf 89' lang='lat' dir='ltr'><em>D</em></span> <span class='ocrx_word' id='word_1_310' title='bbox 1502 2421 1681 2456; x_wconf 66' lang='lat' dir='ltr'>confessus</span> <span class='ocrx_word' id='word_1_311' title='bbox 1697 2426 1752 2458; x_wconf 87' lang='lat' dir='ltr'>est</span> <span class='ocrx_word' id='word_1_312' title='bbox 1762 2421 1811 2455; x_wconf 85' lang='lat' dir='ltr'>EI</span> 
     </span>
     <span class='ocr_line' id='line_1_34' title="bbox 233 2479 1813 2528; baseline -0.003 -10"><span class='ocrx_word' id='word_1_313' title='bbox 233 2482 255 2518; x_wconf 90' lang='lat'><strong>5</strong></span> <span class='ocrx_word' id='word_1_314' title='bbox 269 2482 314 2518; x_wconf 87' lang='lat' dir='ltr'>de</span> <span class='ocrx_word' id='word_1_315' title='bbox 331 2481 454 2528; x_wconf 65' lang='lat' dir='ltr'>fratre]</span> <span class='ocrx_word' id='word_1_316' title='bbox 470 2482 602 2517; x_wconf 75' lang='lat' dir='ltr'>derrem</span> <span class='ocrx_word' id='word_1_317' title='bbox 617 2481 648 2516; x_wconf 93' lang='grc' dir='ltr'><em>Β</em></span> <span class='ocrx_word' id='word_1_318' title='bbox 722 2484 890 2528; x_wconf 81' lang='lat' dir='ltr'>perpetue</span> <span class='ocrx_word' id='word_1_319' title='bbox 905 2481 936 2516; x_wconf 92' lang='lat' dir='ltr'><strong><em>B</em></strong></span> <span class='ocrx_word' id='word_1_320' title='bbox 1010 2480 1192 2525; x_wconf 75' lang='lat' dir='ltr'>dinocrete</span> <span class='ocrx_word' id='word_1_321' title='bbox 1209 2480 1247 2526; x_wconf 76' lang='grc' dir='ltr'>(ο,</span> <span class='ocrx_word' id='word_1_322' title='bbox 1262 2491 1289 2518; x_wconf 75' lang='grc' dir='ltr'>ε.</span> <span class='ocrx_word' id='word_1_323' title='bbox 1305 2481 1339 2527; x_wconf 73' lang='lat'>9)</span> <span class='ocrx_word' id='word_1_324' title='bbox 1349 2480 1385 2516; x_wconf 89' lang='grc' dir='ltr'><em>Η</em></span> <span class='ocrx_word' id='word_1_325' title='bbox 1463 2480 1485 2516; x_wconf 86' lang='grc'><strong>6</strong></span> <span class='ocrx_word' id='word_1_326' title='bbox 1502 2479 1625 2516; x_wconf 89' lang='lat' dir='ltr'>diuino</span> <span class='ocrx_word' id='word_1_327' title='bbox 1642 2479 1769 2515; x_wconf 84' lang='lat' dir='ltr'>iudicio</span> <span class='ocrx_word' id='word_1_328' title='bbox 1783 2481 1813 2514; x_wconf 81' lang='lat' dir='ltr'><em>E</em></span> 
     </span>
     <span class='ocr_line' id='line_1_35' title="bbox 236 2538 1814 2588; baseline -0.003 -10"><span class='ocrx_word' id='word_1_329' title='bbox 236 2543 255 2578; x_wconf 81' lang='lat'><strong>7</strong></span> <span class='ocrx_word' id='word_1_330' title='bbox 278 2541 531 2578; x_wconf 76' lang='lat' dir='ltr'>confessionem</span> <span class='ocrx_word' id='word_1_331' title='bbox 552 2541 582 2578; x_wconf 86' lang='lat' dir='ltr'><strong><em>C</em></strong></span> <span class='ocrx_word' id='word_1_332' title='bbox 673 2541 696 2576; x_wconf 88' lang='grc'>9</span> <span class='ocrx_word' id='word_1_333' title='bbox 717 2544 828 2588; x_wconf 70' lang='lat' dir='ltr'>atqua</span> <span class='ocrx_word' id='word_1_334' title='bbox 847 2541 876 2577; x_wconf 83' lang='lat'><em>0</em></span> <span class='ocrx_word' id='word_1_335' title='bbox 963 2542 1003 2578; x_wconf 88' lang='lat'>10</span> <span class='ocrx_word' id='word_1_336' title='bbox 1029 2541 1190 2578; x_wconf 68' lang='lat' dir='ltr'>confixos</span> <span class='ocrx_word' id='word_1_337' title='bbox 1212 2541 1250 2587; x_wconf 87' lang='grc' dir='ltr'>(ο</span> <span class='ocrx_word' id='word_1_338' title='bbox 1273 2541 1339 2586; x_wconf 76' lang='lat' dir='ltr'>lin.</span> <span class='ocrx_word' id='word_1_339' title='bbox 1364 2551 1406 2576; x_wconf 73' lang='lat' dir='ltr'>ex</span> <span class='ocrx_word' id='word_1_340' title='bbox 1430 2543 1470 2583; x_wconf 89' lang='lat' dir='ltr'>u)</span> <span class='ocrx_word' id='word_1_341' title='bbox 1488 2540 1524 2575; x_wconf 88' lang='lat' dir='ltr'><em>H</em></span> <span class='ocrx_word' id='word_1_342' title='bbox 1602 2541 1642 2575; x_wconf 91' lang='grc'>11</span> <span class='ocrx_word' id='word_1_343' title='bbox 1664 2539 1705 2573; x_wconf 85' lang='lat' dir='ltr'>de.</span> <span class='ocrx_word' id='word_1_344' title='bbox 1713 2538 1760 2573; x_wconf 91' lang='lat' dir='ltr'>lui</span> <span class='ocrx_word' id='word_1_345' title='bbox 1782 2538 1814 2574; x_wconf 87' lang='lat' dir='ltr'><em>B</em></span> 
     </span>
     <span class='ocr_line' id='line_1_36' title="bbox 234 2598 1809 2648; baseline -0.004 -10"><span class='ocrx_word' id='word_1_346' title='bbox 234 2602 277 2638; x_wconf 90' lang='grc'>12</span> <span class='ocrx_word' id='word_1_347' title='bbox 296 2601 446 2638; x_wconf 70' lang='lat' dir='ltr'>clanculi</span> <span class='ocrx_word' id='word_1_348' title='bbox 458 2601 495 2638; x_wconf 88' lang='lat' dir='ltr'><strong><em>H</em></strong></span> <span class='ocrx_word' id='word_1_349' title='bbox 593 2601 689 2648; x_wconf 90' lang='lat' dir='ltr'>quod</span> <span class='ocrx_word' id='word_1_350' title='bbox 700 2602 733 2637; x_wconf 79' lang='lat' dir='ltr'><strong><em>A</em></strong></span> <span class='ocrx_word' id='word_1_351' title='bbox 819 2602 862 2638; x_wconf 86' lang='lat'>13</span> <span class='ocrx_word' id='word_1_352' title='bbox 875 2605 1012 2647; x_wconf 68' lang='lat' dir='ltr'>parcere</span> <span class='ocrx_word' id='word_1_353' title='bbox 1024 2600 1053 2636; x_wconf 84' lang='grc'><em>0</em></span> <span class='ocrx_word' id='word_1_354' title='bbox 1130 2602 1172 2637; x_wconf 87' lang='grc'>14</span> <span class='ocrx_word' id='word_1_355' title='bbox 1182 2604 1375 2647; x_wconf 83' lang='lat' dir='ltr'>potuerant</span> <span class='ocrx_word' id='word_1_356' title='bbox 1390 2602 1422 2635; x_wconf 74' lang='lat' dir='ltr'><em>A</em></span> <span class='ocrx_word' id='word_1_357' title='bbox 1516 2598 1558 2635; x_wconf 88' lang='lat'>16</span> <span class='ocrx_word' id='word_1_358' title='bbox 1574 2598 1770 2634; x_wconf 80' lang='lat' dir='ltr'>incurreret</span> <span class='ocrx_word' id='word_1_359' title='bbox 1781 2600 1809 2632; x_wconf 85' lang='lat' dir='ltr'><em>A</em></span> 
     </span>
     <span class='ocr_line' id='line_1_37' title="bbox 232 2657 1814 2709; baseline -0.004 -12"><span class='ocrx_word' id='word_1_360' title='bbox 232 2671 360 2709; x_wconf 66' lang='lat' dir='ltr'>expers</span> <span class='ocrx_word' id='word_1_361' title='bbox 377 2660 408 2697; x_wconf 82' lang='lat' dir='ltr'><strong><em>G</em></strong></span> <span class='ocrx_word' id='word_1_362' title='bbox 504 2662 544 2698; x_wconf 84' lang='lat'>17</span> <span class='ocrx_word' id='word_1_363' title='bbox 566 2661 710 2697; x_wconf 74' lang='lat' dir='ltr'>ueniam</span> <span class='ocrx_word' id='word_1_364' title='bbox 734 2671 843 2707; x_wconf 79' lang='lat' dir='ltr'>quam</span> <span class='ocrx_word' id='word_1_365' title='bbox 862 2660 920 2697; x_wconf 81' lang='lat' dir='ltr'>Hb</span> <span class='ocrx_word' id='word_1_366' title='bbox 1020 2661 1064 2698; x_wconf 90' lang='lat'>18</span> <span class='ocrx_word' id='word_1_367' title='bbox 1088 2659 1250 2706; x_wconf 63' lang='lat' dir='ltr'>ammisit</span> <span class='ocrx_word' id='word_1_368' title='bbox 1267 2660 1337 2695; x_wconf 88' lang='lat' dir='ltr'>HT</span> <span class='ocrx_word' id='word_1_369' title='bbox 1366 2658 1487 2694; x_wconf 81' lang='lat' dir='ltr'>amisit</span> <span class='ocrx_word' id='word_1_370' title='bbox 1507 2658 1589 2694; x_wconf 89' lang='lat' dir='ltr'>BCb</span> <span class='ocrx_word' id='word_1_371' title='bbox 1615 2657 1765 2694; x_wconf 85' lang='lat' dir='ltr'>admisit</span> <span class='ocrx_word' id='word_1_372' title='bbox 1783 2657 1814 2692; x_wconf 84' lang='lat' dir='ltr'><em>E</em></span> 
     </span>
     <span class='ocr_line' id='line_1_38' title="bbox 234 2715 1809 2769; baseline -0.004 -11"><span class='ocrx_word' id='word_1_373' title='bbox 234 2720 280 2758; x_wconf 83' lang='lat'>19</span> <span class='ocrx_word' id='word_1_374' title='bbox 292 2720 532 2769; x_wconf 64' lang='lat' dir='ltr'>apparunitl</span> <span class='ocrx_word' id='word_1_375' title='bbox 624 2722 665 2758; x_wconf 89' lang='grc'>21</span> <span class='ocrx_word' id='word_1_376' title='bbox 682 2720 751 2768; x_wconf 85' lang='lat' dir='ltr'>ipsi</span> <span class='ocrx_word' id='word_1_377' title='bbox 764 2721 795 2757; x_wconf 88' lang='lat' dir='ltr'><em>T</em></span> <span class='ocrx_word' id='word_1_378' title='bbox 910 2720 955 2758; x_wconf 88' lang='grc'>23</span> <span class='ocrx_word' id='word_1_379' title='bbox 972 2720 1074 2757; x_wconf 70' lang='lat' dir='ltr'>beate</span> <span class='ocrx_word' id='word_1_380' title='bbox 1086 2719 1117 2756; x_wconf 83' lang='lat'><em>0</em></span> <span class='ocrx_word' id='word_1_381' title='bbox 1201 2721 1244 2756; x_wconf 88' lang='grc'>24</span> <span class='ocrx_word' id='word_1_382' title='bbox 1263 2720 1401 2755; x_wconf 66' lang='lat' dir='ltr'>loutus</span> <span class='ocrx_word' id='word_1_383' title='bbox 1413 2719 1465 2754; x_wconf 90' lang='lat' dir='ltr'>DI</span> <span class='ocrx_word' id='word_1_384' title='bbox 1564 2716 1619 2763; x_wconf 88' lang='lat' dir='ltr'>ut]</span> <span class='ocrx_word' id='word_1_385' title='bbox 1634 2715 1702 2752; x_wconf 87' lang='lat' dir='ltr'>nisi</span> <span class='ocrx_word' id='word_1_386' title='bbox 1714 2720 1756 2752; x_wconf 88' lang='lat' dir='ltr'>ut</span> <span class='ocrx_word' id='word_1_387' title='bbox 1766 2716 1809 2751; x_wconf 76' lang='lat' dir='ltr'>bd</span> 
     </span>
     <span class='ocr_line' id='line_1_39' title="bbox 234 2775 1812 2828; baseline -0.004 -10"><span class='ocrx_word' id='word_1_388' title='bbox 234 2779 339 2828; x_wconf 75' lang='lat' dir='ltr'>podes</span> <span class='ocrx_word' id='word_1_389' title='bbox 354 2780 504 2818; x_wconf 75' lang='lat' dir='ltr'>huetbd</span> <span class='ocrx_word' id='word_1_390' title='bbox 561 2780 606 2818; x_wconf 81' lang='grc'>26</span> <span class='ocrx_word' id='word_1_391' title='bbox 618 2779 665 2817; x_wconf 78' lang='lat' dir='ltr'>de</span> <span class='ocrx_word' id='word_1_392' title='bbox 674 2780 769 2828; x_wconf 68' lang='lat' dir='ltr'>Tito]</span> <span class='ocrx_word' id='word_1_393' title='bbox 783 2783 820 2817; x_wconf 82' lang='lat' dir='ltr'>et</span> <span class='ocrx_word' id='word_1_394' title='bbox 833 2779 886 2817; x_wconf 80' lang='lat' dir='ltr'>ito</span> <span class='ocrx_word' id='word_1_395' title='bbox 897 2782 930 2816; x_wconf 87' lang='lat' dir='ltr'><strong><em>A</em></strong></span> <span class='ocrx_word' id='word_1_396' title='bbox 985 2779 1109 2817; x_wconf 80' lang='lat' dir='ltr'>siliaA</span> <span class='ocrx_word' id='word_1_397' title='bbox 1124 2779 1210 2816; x_wconf 80' lang='lat' dir='ltr'>silea</span> <span class='ocrx_word' id='word_1_398' title='bbox 1225 2778 1343 2815; x_wconf 83' lang='lat' dir='ltr'><strong><em>BCHb</em></strong></span> <span class='ocrx_word' id='word_1_399' title='bbox 1358 2778 1455 2824; x_wconf 84' lang='lat' dir='ltr'>sylea</span> <span class='ocrx_word' id='word_1_400' title='bbox 1467 2777 1498 2812; x_wconf 89' lang='grc' dir='ltr'><em>Ε</em></span> <span class='ocrx_word' id='word_1_401' title='bbox 1559 2775 1769 2823; x_wconf 81' lang='lat' dir='ltr'>phylomone</span> <span class='ocrx_word' id='word_1_402' title='bbox 1779 2777 1812 2812; x_wconf 83' lang='lat' dir='ltr'><strong><em>A</em></strong></span> 
     </span>
     <span class='ocr_line' id='line_1_40' title="bbox 233 2839 484 2878; baseline 0.008 -2"><span class='ocrx_word' id='word_1_403' title='bbox 233 2839 398 2877; x_wconf 80' lang='lat' dir='ltr'>filemone</span> <span class='ocrx_word' id='word_1_404' title='bbox 415 2840 484 2878; x_wconf 77' lang='lat' dir='ltr'>DE</span> 
     </span>
    </p>

    <p class='ocr_par' dir='ltr' id='par_1_10' title="bbox 303 2906 1741 2947">
     <span class='ocr_line' id='line_1_41' title="bbox 303 2906 1741 2947; baseline -0.002 -8"><span class='ocrx_word' id='word_1_405' title='bbox 303 2910 367 2940; x_wconf 74' lang='lat' dir='ltr'>Lx.</span> <span class='ocrx_word' id='word_1_406' title='bbox 385 2910 508 2946; x_wconf 67' lang='lat' dir='ltr'>Auen-t.</span> <span class='ocrx_word' id='word_1_407' title='bbox 526 2910 602 2940; x_wconf 83' lang='lat' dir='ltr'>VIII</span> <span class='ocrx_word' id='word_1_408' title='bbox 621 2918 689 2947; x_wconf 74' lang='lat' dir='ltr'>pm</span> <span class='ocrx_word' id='word_1_409' title='bbox 709 2911 735 2941; x_wconf 90' lang='lat'>1.</span> <span class='ocrx_word' id='word_1_410' title='bbox 754 2910 834 2939; x_wconf 62' lang='lat' dir='ltr'>Vrbe</span> <span class='ocrx_word' id='word_1_411' title='bbox 853 2912 884 2939; x_wconf 76' lang='lat' dir='ltr'>ot</span> <span class='ocrx_word' id='word_1_412' title='bbox 902 2910 1010 2945; x_wconf 69' lang='lat' dir='ltr'>zyohn.</span> <span class='ocrx_word' id='word_1_413' title='bbox 1698 2906 1741 2942; x_wconf 84' lang='lat'>24</span> 
     </span>
    </p>
   </div>
  </div>
 </body>
</html>
