<?xml version="1.0" encoding="UTF-8"?>
<!DOCTYPE html PUBLIC "-//W3C//DTD XHTML 1.0 Transitional//EN"
    "http://www.w3.org/TR/xhtml1/DTD/xhtml1-transitional.dtd">
<html xmlns="http://www.w3.org/1999/xhtml" xml:lang="en" lang="en">
 <head>
  <title>
</title>
<meta http-equiv="Content-Type" content="text/html;charset=utf-8" />
  <meta name='ocr-system' content='tesseract 3.04.00' />
  <meta name='ocr-capabilities' content='ocr_page ocr_carea ocr_par ocr_line ocrx_word'/>
</head>
<body>
  <div class='ocr_page' id='page_1' title='image "./corpusscriptorum60auguuoft_0369.png"; bbox 0 0 2028 3204; ppageno 0'>
   <div class='ocr_carea' id='block_1_1' title="bbox 735 157 1718 210">
    <p class='ocr_par' dir='ltr' id='par_1_1' title="bbox 735 157 1718 210">
     <span class='ocr_line' id='line_1_1' title="bbox 735 157 1718 210; baseline -0.002 -8"><span class='ocrx_word' id='word_1_1' title='bbox 735 165 822 202; x_wconf 69' lang='lat' dir='ltr'>uber</span> <span class='ocrx_word' id='word_1_2' title='bbox 849 165 886 202; x_wconf 91' lang='lat'>11</span> <span class='ocrx_word' id='word_1_3' title='bbox 919 167 950 210; x_wconf 85' lang='lat'>2,</span> <span class='ocrx_word' id='word_1_4' title='bbox 980 167 1077 208; x_wconf 85' lang='lat'>3—3,</span> <span class='ocrx_word' id='word_1_5' title='bbox 1107 166 1128 202; x_wconf 88' lang='lat'>6</span> <span class='ocrx_word' id='word_1_6' title='bbox 1639 157 1718 201; x_wconf 85' lang='lat'>339</span> 
     </span>
    </p>
   </div>
   <div class='ocr_carea' id='block_1_2' title="bbox 0 371 163 3204">
    <p class='ocr_par' dir='ltr' id='par_1_2' title="bbox 0 371 163 3204">
     <span class='ocr_line' id='line_1_2' title="bbox 0 371 12 574; baseline 0 -65"><span class='ocrx_word' id='word_1_7' title='bbox 0 371 12 574; x_wconf 95' lang='lat' dir='ltr'>   </span> 
     </span>
     <span class='ocr_line' id='line_1_3' title="bbox 0 574 12 642; baseline 0 2562"><span class='ocrx_word' id='word_1_8' title='bbox 0 574 12 642; x_wconf 95' lang='lat' dir='ltr'> </span> 
     </span>
     <span class='ocr_line' id='line_1_4' title="bbox 0 642 12 708; baseline 0 2496"><span class='ocrx_word' id='word_1_9' title='bbox 0 642 12 708; x_wconf 95' lang='lat' dir='ltr'> </span> 
     </span>
     <span class='ocr_line' id='line_1_5' title="bbox 0 708 12 774; baseline 0 2430"><span class='ocrx_word' id='word_1_10' title='bbox 0 708 12 774; x_wconf 95' lang='lat' dir='ltr'> </span> 
     </span>
     <span class='ocr_line' id='line_1_6' title="bbox 0 774 12 838; baseline 0 2366"><span class='ocrx_word' id='word_1_11' title='bbox 0 774 12 838; x_wconf 95' lang='lat' dir='ltr'> </span> 
     </span>
     <span class='ocr_line' id='line_1_7' title="bbox 0 838 12 905; baseline 0 2299"><span class='ocrx_word' id='word_1_12' title='bbox 0 838 12 905; x_wconf 95' lang='lat' dir='ltr'> </span> 
     </span>
     <span class='ocr_line' id='line_1_8' title="bbox 0 905 12 971; baseline 0 2233"><span class='ocrx_word' id='word_1_13' title='bbox 0 905 12 971; x_wconf 95' lang='lat' dir='ltr'> </span> 
     </span>
     <span class='ocr_line' id='line_1_9' title="bbox 0 971 12 1037; baseline 0 2167"><span class='ocrx_word' id='word_1_14' title='bbox 0 971 12 1037; x_wconf 95' lang='lat' dir='ltr'> </span> 
     </span>
     <span class='ocr_line' id='line_1_10' title="bbox 0 1037 13 1103; baseline 0 2101"><span class='ocrx_word' id='word_1_15' title='bbox 0 1037 13 1103; x_wconf 95' lang='lat' dir='ltr'> </span> 
     </span>
     <span class='ocr_line' id='line_1_11' title="bbox 0 1103 13 1169; baseline 0 2035"><span class='ocrx_word' id='word_1_16' title='bbox 0 1103 13 1169; x_wconf 95' lang='lat' dir='ltr'> </span> 
     </span>
     <span class='ocr_line' id='line_1_12' title="bbox 0 1169 13 1235; baseline 0 1969"><span class='ocrx_word' id='word_1_17' title='bbox 0 1169 13 1235; x_wconf 95' lang='lat' dir='ltr'> </span> 
     </span>
     <span class='ocr_line' id='line_1_13' title="bbox 0 1235 13 1302; baseline 0 1902"><span class='ocrx_word' id='word_1_18' title='bbox 0 1235 13 1302; x_wconf 95' lang='lat' dir='ltr'> </span> 
     </span>
     <span class='ocr_line' id='line_1_14' title="bbox 0 1302 13 1562; baseline 0 -132"><span class='ocrx_word' id='word_1_19' title='bbox 0 1302 13 1562; x_wconf 95' lang='lat' dir='ltr'>    </span> 
     </span>
     <span class='ocr_line' id='line_1_15' title="bbox 0 1562 14 1749; baseline 0 -52"><span class='ocrx_word' id='word_1_20' title='bbox 0 1562 14 1749; x_wconf 95' lang='lat' dir='ltr'>   </span> 
     </span>
     <span class='ocr_line' id='line_1_16' title="bbox 0 1749 15 1978; baseline 0 -148"><span class='ocrx_word' id='word_1_21' title='bbox 0 1749 15 1978; x_wconf 95' lang='lat' dir='ltr'>   </span> 
     </span>
     <span class='ocr_line' id='line_1_17' title="bbox 0 1978 15 2110; baseline 0 -67"><span class='ocrx_word' id='word_1_22' title='bbox 0 1978 15 2110; x_wconf 95' lang='lat' dir='ltr'>  </span> 
     </span>
     <span class='ocr_line' id='line_1_18' title="bbox 0 2110 61 2307; baseline 0 -67"><span class='ocrx_word' id='word_1_23' title='bbox 0 2110 61 2307; x_wconf 95' lang='lat' dir='ltr'>   </span> 
     </span>
     <span class='ocr_line' id='line_1_19' title="bbox 0 2307 77 2580; baseline 0 0"><span class='ocrx_word' id='word_1_24' title='bbox 0 2307 77 2580; x_wconf 95' lang='lat' dir='ltr'>  </span> 
     </span>
     <span class='ocr_line' id='line_1_20' title="bbox 0 2580 88 2777; baseline 0 -47"><span class='ocrx_word' id='word_1_25' title='bbox 0 2580 88 2777; x_wconf 95' lang='lat' dir='ltr'>   </span> 
     </span>
     <span class='ocr_line' id='line_1_21' title="bbox 0 2777 163 3204; baseline 0 0"><span class='ocrx_word' id='word_1_26' title='bbox 0 2777 163 3204; x_wconf 95' lang='lat' dir='ltr'>  </span> 
     </span>
    </p>
   </div>
   <div class='ocr_carea' id='block_1_3' title="bbox 15 290 1725 1800">
    <p class='ocr_par' dir='ltr' id='par_1_3' title="bbox 15 290 1725 1800">
     <span class='ocr_line' id='line_1_22' title="bbox 143 290 1722 344; baseline 0.001 -10"><span class='ocrx_word' id='word_1_27' title='bbox 143 290 253 335; x_wconf 89' lang='lat' dir='ltr'>enim</span> <span class='ocrx_word' id='word_1_28' title='bbox 283 291 480 335; x_wconf 75' lang='lat' dir='ltr'>‘animam</span> <span class='ocrx_word' id='word_1_29' title='bbox 503 292 565 335; x_wconf 81' lang='lat' dir='ltr'>ita</span> <span class='ocrx_word' id='word_1_30' title='bbox 591 292 692 335; x_wconf 86' lang='lat' dir='ltr'>esse‘</span> <span class='ocrx_word' id='word_1_31' title='bbox 713 291 815 335; x_wconf 81' lang='lat' dir='ltr'>dicit</span> <span class='ocrx_word' id='word_1_32' title='bbox 849 293 913 335; x_wconf 83' lang='lat' dir='ltr'>‘ex</span> <span class='ocrx_word' id='word_1_33' title='bbox 933 292 1024 344; x_wconf 89' lang='lat' dir='ltr'>de0,</span> <span class='ocrx_word' id='word_1_34' title='bbox 1059 297 1107 335; x_wconf 87' lang='lat' dir='ltr'>ut</span> <span class='ocrx_word' id='word_1_35' title='bbox 1138 305 1231 335; x_wconf 85' lang='lat' dir='ltr'>eam</span> <span class='ocrx_word' id='word_1_36' title='bbox 1263 305 1338 335; x_wconf 88' lang='lat' dir='ltr'>ncc</span> <span class='ocrx_word' id='word_1_37' title='bbox 1369 305 1421 336; x_wconf 87' lang='lat' dir='ltr'>ex</span> <span class='ocrx_word' id='word_1_38' title='bbox 1454 292 1536 335; x_wconf 88' lang='lat' dir='ltr'>alia</span> <span class='ocrx_word' id='word_1_39' title='bbox 1569 298 1722 336; x_wconf 89' lang='lat' dir='ltr'>natura</span> 
     </span>
     <span class='ocr_line' id='line_1_23' title="bbox 144 357 1720 414; baseline 0.001 -14"><span class='ocrx_word' id='word_1_40' title='bbox 144 370 220 400; x_wconf 86' lang='lat' dir='ltr'>nec</span> <span class='ocrx_word' id='word_1_41' title='bbox 264 371 315 400; x_wconf 87' lang='lat' dir='ltr'>ex</span> <span class='ocrx_word' id='word_1_42' title='bbox 354 357 496 404; x_wconf 82' lang='lat' dir='ltr'>nihilo.</span> <span class='ocrx_word' id='word_1_43' title='bbox 539 359 608 401; x_wconf 88' lang='lat' dir='ltr'>sed</span> <span class='ocrx_word' id='word_1_44' title='bbox 651 372 704 401; x_wconf 87' lang='lat' dir='ltr'>ex</span> <span class='ocrx_word' id='word_1_45' title='bbox 743 362 876 400; x_wconf 85' lang='lat' dir='ltr'>semet</span> <span class='ocrx_word' id='word_1_46' title='bbox 919 358 1010 413; x_wconf 85' lang='lat' dir='ltr'>ipso</span> <span class='ocrx_word' id='word_1_47' title='bbox 1051 357 1282 409; x_wconf 86' lang='lat' dir='ltr'>creauerit‘,</span> <span class='ocrx_word' id='word_1_48' title='bbox 1329 357 1429 413; x_wconf 89' lang='lat' dir='ltr'>quid</span> <span class='ocrx_word' id='word_1_49' title='bbox 1473 359 1720 414; x_wconf 84' lang='lat' dir='ltr'>persuadere</span> 
     </span>
     <span class='ocr_line' id='line_1_24' title="bbox 145 422 1724 480; baseline 0.001 -14"><span class='ocrx_word' id='word_1_50' title='bbox 145 428 322 466; x_wconf 82' lang='lat' dir='ltr'>conatur</span> <span class='ocrx_word' id='word_1_51' title='bbox 346 422 424 466; x_wconf 90' lang='lat' dir='ltr'>nisi</span> <span class='ocrx_word' id='word_1_52' title='bbox 451 424 490 467; x_wconf 90' lang='lat' dir='ltr'>id</span> <span class='ocrx_word' id='word_1_53' title='bbox 526 424 637 480; x_wconf 90' lang='lat' dir='ltr'>quod</span> <span class='ocrx_word' id='word_1_54' title='bbox 669 423 760 467; x_wconf 85' lang='lat' dir='ltr'>aliis</span> <span class='ocrx_word' id='word_1_55' title='bbox 793 422 929 466; x_wconf 85' lang='lat' dir='ltr'>uerbis</span> <span class='ocrx_word' id='word_1_56' title='bbox 963 429 1100 479; x_wconf 90' lang='lat' dir='ltr'>negat,</span> <span class='ocrx_word' id='word_1_57' title='bbox 1136 423 1319 467; x_wconf 87' lang='lat' dir='ltr'>animam</span> <span class='ocrx_word' id='word_1_58' title='bbox 1351 424 1506 467; x_wconf 89' lang='lat' dir='ltr'>scilicet</span> <span class='ocrx_word' id='word_1_59' title='bbox 1539 424 1724 468; x_wconf 85' lang='lat' dir='ltr'>eiusdem</span> 
     </span>
     <span class='ocr_line' id='line_1_25' title="bbox 145 489 1721 546; baseline 0.001 -14"><span class='ocrx_word' id='word_1_60' title='bbox 145 489 262 533; x_wconf 88' lang='lat' dir='ltr'>cuius</span> <span class='ocrx_word' id='word_1_61' title='bbox 293 489 394 532; x_wconf 85' lang='lat' dir='ltr'>deus</span> <span class='ocrx_word' id='word_1_62' title='bbox 428 494 490 533; x_wconf 82' lang='lat' dir='ltr'>est</span> <span class='ocrx_word' id='word_1_63' title='bbox 524 503 610 533; x_wconf 88' lang='lat' dir='ltr'>esse</span> <span class='ocrx_word' id='word_1_64' title='bbox 642 489 851 533; x_wconf 77' lang='lat' dir='ltr'>naturae?</span> <span class='ocrx_word' id='word_1_65' title='bbox 885 489 1019 533; x_wconf 89' lang='lat' dir='ltr'>omnis</span> <span class='ocrx_word' id='word_1_66' title='bbox 1051 490 1205 546; x_wconf 82' lang='lat' dir='ltr'>quippe</span> <span class='ocrx_word' id='word_1_67' title='bbox 1238 496 1392 533; x_wconf 88' lang='lat' dir='ltr'>natura</span> <span class='ocrx_word' id='word_1_68' title='bbox 1424 491 1489 533; x_wconf 88' lang='lat' dir='ltr'>uel</span> <span class='ocrx_word' id='word_1_69' title='bbox 1511 491 1612 534; x_wconf 88' lang='lat' dir='ltr'>deus</span> <span class='ocrx_word' id='word_1_70' title='bbox 1645 497 1721 542; x_wconf 85' lang='lat' dir='ltr'>est,</span> 
     </span>
     <span class='ocr_line' id='line_1_26' title="bbox 95 554 1724 613; baseline 0.002 -16"><span class='ocrx_word' id='word_1_71' title='bbox 95 567 115 597; x_wconf 66' lang='grc' dir='ltr'>ι</span> <span class='ocrx_word' id='word_1_72' title='bbox 144 554 215 610; x_wconf 92' lang='lat' dir='ltr'>qui</span> <span class='ocrx_word' id='word_1_73' title='bbox 246 554 407 598; x_wconf 92' lang='lat' dir='ltr'>nullum</span> <span class='ocrx_word' id='word_1_74' title='bbox 441 555 568 598; x_wconf 86' lang='lat' dir='ltr'>habet</span> <span class='ocrx_word' id='word_1_75' title='bbox 601 561 828 607; x_wconf 81' lang='lat' dir='ltr'>auctorem,</span> <span class='ocrx_word' id='word_1_76' title='bbox 875 555 940 598; x_wconf 86' lang='lat' dir='ltr'>uel</span> <span class='ocrx_word' id='word_1_77' title='bbox 972 570 1023 599; x_wconf 86' lang='lat' dir='ltr'>ex</span> <span class='ocrx_word' id='word_1_78' title='bbox 1054 557 1132 599; x_wconf 89' lang='lat' dir='ltr'>deo</span> <span class='ocrx_word' id='word_1_79' title='bbox 1165 560 1241 607; x_wconf 79' lang='lat' dir='ltr'>est,</span> <span class='ocrx_word' id='word_1_80' title='bbox 1285 555 1385 612; x_wconf 90' lang='lat' dir='ltr'>quia</span> <span class='ocrx_word' id='word_1_81' title='bbox 1426 556 1562 613; x_wconf 88' lang='lat' dir='ltr'>ipsum</span> <span class='ocrx_word' id='word_1_82' title='bbox 1596 557 1724 600; x_wconf 88' lang='lat' dir='ltr'>habet</span> 
     </span>
     <span class='ocr_line' id='line_1_27' title="bbox 144 621 1720 679; baseline 0.001 -15"><span class='ocrx_word' id='word_1_83' title='bbox 144 624 367 664; x_wconf 83' lang='lat' dir='ltr'>auctorem.</span> <span class='ocrx_word' id='word_1_84' title='bbox 421 621 492 664; x_wconf 85' lang='lat' dir='ltr'>sed</span> <span class='ocrx_word' id='word_1_85' title='bbox 526 635 632 678; x_wconf 85' lang='lat' dir='ltr'>quae</span> <span class='ocrx_word' id='word_1_86' title='bbox 664 621 791 666; x_wconf 90' lang='lat' dir='ltr'>habet</span> <span class='ocrx_word' id='word_1_87' title='bbox 824 627 1038 665; x_wconf 83' lang='lat' dir='ltr'>auctorem</span> <span class='ocrx_word' id='word_1_88' title='bbox 1071 623 1209 672; x_wconf 83' lang='lat' dir='ltr'>deum,</span> <span class='ocrx_word' id='word_1_89' title='bbox 1249 636 1299 664; x_wconf 89' lang='lat' dir='ltr'>ex</span> <span class='ocrx_word' id='word_1_90' title='bbox 1341 637 1424 678; x_wconf 90' lang='lat' dir='ltr'>quo</span> <span class='ocrx_word' id='word_1_91' title='bbox 1457 627 1533 673; x_wconf 88' lang='lat' dir='ltr'>est,</span> <span class='ocrx_word' id='word_1_92' title='bbox 1579 623 1720 679; x_wconf 87' lang='lat' dir='ltr'>aliqua</span> 
     </span>
     <span class='ocr_line' id='line_1_28' title="bbox 148 687 1721 745; baseline 0.003 -17"><span class='ocrx_word' id='word_1_93' title='bbox 148 687 263 730; x_wconf 78' lang='lat' dir='ltr'>facta</span> <span class='ocrx_word' id='word_1_94' title='bbox 305 701 387 730; x_wconf 92' lang='lat' dir='ltr'>non</span> <span class='ocrx_word' id='word_1_95' title='bbox 430 693 505 739; x_wconf 88' lang='lat' dir='ltr'>est,</span> <span class='ocrx_word' id='word_1_96' title='bbox 550 687 692 743; x_wconf 83' lang='lat' dir='ltr'>aliqua</span> <span class='ocrx_word' id='word_1_97' title='bbox 732 688 847 731; x_wconf 87' lang='lat' dir='ltr'>facta</span> <span class='ocrx_word' id='word_1_98' title='bbox 877 694 953 731; x_wconf 87' lang='lat' dir='ltr'>est.</span> <span class='ocrx_word' id='word_1_99' title='bbox 1004 701 1125 744; x_wconf 91' lang='lat' dir='ltr'>porro</span> <span class='ocrx_word' id='word_1_100' title='bbox 1174 701 1280 745; x_wconf 91' lang='lat' dir='ltr'>quae</span> <span class='ocrx_word' id='word_1_101' title='bbox 1313 687 1427 731; x_wconf 81' lang='lat' dir='ltr'>facta</span> <span class='ocrx_word' id='word_1_102' title='bbox 1469 701 1551 730; x_wconf 90' lang='lat' dir='ltr'>non</span> <span class='ocrx_word' id='word_1_103' title='bbox 1583 693 1646 730; x_wconf 89' lang='lat' dir='ltr'>est</span> <span class='ocrx_word' id='word_1_104' title='bbox 1679 692 1721 732; x_wconf 87' lang='lat' dir='ltr'>et</span> 
     </span>
     <span class='ocr_line' id='line_1_29' title="bbox 144 753 1718 810; baseline 0.001 -14"><span class='ocrx_word' id='word_1_105' title='bbox 144 759 287 796; x_wconf 88' lang='lat' dir='ltr'>tamen</span> <span class='ocrx_word' id='word_1_106' title='bbox 320 767 370 796; x_wconf 88' lang='lat' dir='ltr'>ex</span> <span class='ocrx_word' id='word_1_107' title='bbox 396 753 486 809; x_wconf 89' lang='lat' dir='ltr'>ipso</span> <span class='ocrx_word' id='word_1_108' title='bbox 515 758 590 805; x_wconf 86' lang='lat' dir='ltr'>est,</span> <span class='ocrx_word' id='word_1_109' title='bbox 620 759 695 796; x_wconf 87' lang='lat' dir='ltr'>aut</span> <span class='ocrx_word' id='word_1_110' title='bbox 725 754 870 810; x_wconf 87' lang='lat' dir='ltr'>genita</span> <span class='ocrx_word' id='word_1_111' title='bbox 901 758 962 797; x_wconf 88' lang='lat' dir='ltr'>est</span> <span class='ocrx_word' id='word_1_112' title='bbox 988 753 1041 797; x_wconf 87' lang='lat' dir='ltr'>ab</span> <span class='ocrx_word' id='word_1_113' title='bbox 1073 754 1143 796; x_wconf 94' lang='lat' dir='ltr'>illo</span> <span class='ocrx_word' id='word_1_114' title='bbox 1175 758 1249 797; x_wconf 85' lang='lat' dir='ltr'>aut</span> <span class='ocrx_word' id='word_1_115' title='bbox 1283 754 1471 809; x_wconf 82' lang='lat' dir='ltr'>procedit</span> <span class='ocrx_word' id='word_1_116' title='bbox 1504 768 1554 797; x_wconf 89' lang='lat' dir='ltr'>ex</span> <span class='ocrx_word' id='word_1_117' title='bbox 1576 753 1645 797; x_wconf 92' lang='lat' dir='ltr'>illo</span> <span class='ocrx_word' id='word_1_118' title='bbox 1668 782 1718 787; x_wconf 83' lang='lat'><strong>—</strong></span> 
     </span>
     <span class='ocr_line' id='line_1_30' title="bbox 152 818 1725 876; baseline 0.001 -15"><span class='ocrx_word' id='word_1_119' title='bbox 152 832 259 875; x_wconf 83' lang='lat' dir='ltr'>quae</span> <span class='ocrx_word' id='word_1_120' title='bbox 275 818 419 874; x_wconf 90' lang='lat' dir='ltr'>genita</span> <span class='ocrx_word' id='word_1_121' title='bbox 435 823 511 870; x_wconf 85' lang='lat' dir='ltr'>est,</span> <span class='ocrx_word' id='word_1_122' title='bbox 530 818 641 863; x_wconf 83' lang='lat' dir='ltr'>filius</span> <span class='ocrx_word' id='word_1_123' title='bbox 659 823 723 862; x_wconf 87' lang='lat' dir='ltr'>est</span> <span class='ocrx_word' id='word_1_124' title='bbox 741 819 899 871; x_wconf 89' lang='lat' dir='ltr'>unicus,</span> <span class='ocrx_word' id='word_1_125' title='bbox 914 832 1020 875; x_wconf 89' lang='lat' dir='ltr'>quae</span> <span class='ocrx_word' id='word_1_126' title='bbox 1032 820 1231 876; x_wconf 77' lang='lat' dir='ltr'>procedit,</span> <span class='ocrx_word' id='word_1_127' title='bbox 1245 819 1417 876; x_wconf 86' lang='lat' dir='ltr'>spiritus</span> <span class='ocrx_word' id='word_1_128' title='bbox 1438 825 1608 863; x_wconf 89' lang='lat' dir='ltr'>sanctus</span> <span class='ocrx_word' id='word_1_129' title='bbox 1620 847 1670 852; x_wconf 83' lang='lat'>-—</span> <span class='ocrx_word' id='word_1_130' title='bbox 1683 826 1725 863; x_wconf 92' lang='lat' dir='ltr'>et</span> 
     </span>
     <span class='ocr_line' id='line_1_31' title="bbox 77 884 1719 942; baseline 0.002 -16"><span class='ocrx_word' id='word_1_131' title='bbox 77 895 118 926; x_wconf 83' lang='grc' dir='ltr'>ιο</span> <span class='ocrx_word' id='word_1_132' title='bbox 147 885 247 927; x_wconf 87' lang='lat' dir='ltr'>haec</span> <span class='ocrx_word' id='word_1_133' title='bbox 277 884 446 927; x_wconf 84' lang='lat' dir='ltr'>trinitas</span> <span class='ocrx_word' id='word_1_134' title='bbox 470 885 591 928; x_wconf 89' lang='lat' dir='ltr'>unius</span> <span class='ocrx_word' id='word_1_135' title='bbox 616 890 677 928; x_wconf 86' lang='lat' dir='ltr'>est</span> <span class='ocrx_word' id='word_1_136' title='bbox 704 884 973 942; x_wconf 88' lang='lat' dir='ltr'>eiusdemque</span> <span class='ocrx_word' id='word_1_137' title='bbox 997 891 1192 937; x_wconf 63' lang='lat' dir='ltr'>naturam</span> <span class='ocrx_word' id='word_1_138' title='bbox 1226 900 1324 929; x_wconf 87' lang='lat' dir='ltr'>nam</span> <span class='ocrx_word' id='word_1_139' title='bbox 1357 887 1457 929; x_wconf 88' lang='lat' dir='ltr'>haec</span> <span class='ocrx_word' id='word_1_140' title='bbox 1479 885 1563 928; x_wconf 90' lang='lat' dir='ltr'>tria</span> <span class='ocrx_word' id='word_1_141' title='bbox 1590 901 1719 929; x_wconf 89' lang='lat' dir='ltr'>unum</span> 
     </span>
     <span class='ocr_line' id='line_1_32' title="bbox 143 950 1721 1008; baseline 0.002 -15"><span class='ocrx_word' id='word_1_142' title='bbox 143 956 241 993; x_wconf 87' lang='lat' dir='ltr'>sunt</span> <span class='ocrx_word' id='word_1_143' title='bbox 270 954 313 992; x_wconf 88' lang='lat' dir='ltr'>et</span> <span class='ocrx_word' id='word_1_144' title='bbox 345 950 553 1006; x_wconf 87' lang='lat' dir='ltr'>singulum</span> <span class='ocrx_word' id='word_1_145' title='bbox 587 950 770 1008; x_wconf 89' lang='lat' dir='ltr'>quidque</span> <span class='ocrx_word' id='word_1_146' title='bbox 810 953 912 994; x_wconf 89' lang='lat' dir='ltr'>deus</span> <span class='ocrx_word' id='word_1_147' title='bbox 953 956 996 995; x_wconf 85' lang='lat' dir='ltr'>et</span> <span class='ocrx_word' id='word_1_148' title='bbox 1037 952 1158 995; x_wconf 90' lang='lat' dir='ltr'>simul</span> <span class='ocrx_word' id='word_1_149' title='bbox 1192 950 1332 995; x_wconf 90' lang='lat' dir='ltr'>omnia</span> <span class='ocrx_word' id='word_1_150' title='bbox 1374 966 1480 996; x_wconf 89' lang='lat' dir='ltr'>unus</span> <span class='ocrx_word' id='word_1_151' title='bbox 1518 953 1620 995; x_wconf 88' lang='lat' dir='ltr'>deus</span> <span class='ocrx_word' id='word_1_152' title='bbox 1661 954 1721 996; x_wconf 88' lang='lat' dir='ltr'>in·</span> 
     </span>
     <span class='ocr_line' id='line_1_33' title="bbox 16 1016 1719 1074; baseline 0.003 -16"><span class='ocrx_word' id='word_1_153' title='bbox 16 1070 19 1074; x_wconf 25' lang='lat'><strong>¹</strong></span> <span class='ocrx_word' id='word_1_154' title='bbox 143 1016 372 1067; x_wconf 86' lang='lat' dir='ltr'>mutabilis,</span> <span class='ocrx_word' id='word_1_155' title='bbox 406 1017 695 1072; x_wconf 82' lang='lat' dir='ltr'>sempiternus,</span> <span class='ocrx_word' id='word_1_156' title='bbox 740 1018 826 1060; x_wconf 89' lang='lat' dir='ltr'>sine</span> <span class='ocrx_word' id='word_1_157' title='bbox 867 1018 1066 1074; x_wconf 87' lang='lat' dir='ltr'>temporis</span> <span class='ocrx_word' id='word_1_158' title='bbox 1105 1017 1188 1060; x_wconf 90' lang='lat' dir='ltr'>ullo</span> <span class='ocrx_word' id='word_1_159' title='bbox 1236 1017 1359 1061; x_wconf 86' lang='lat' dir='ltr'>initio</span> <span class='ocrx_word' id='word_1_160' title='bbox 1401 1019 1488 1061; x_wconf 88' lang='lat' dir='ltr'>siue</span> <span class='ocrx_word' id='word_1_161' title='bbox 1527 1019 1719 1063; x_wconf 88' lang='lat' dir='ltr'>termino.</span> 
     </span>
     <span class='ocr_line' id='line_1_34' title="bbox 15 1082 1721 1140; baseline 0.002 -16"><span class='ocrx_word' id='word_1_162' title='bbox 15 1086 29 1136; x_wconf 51' lang='grc' dir='ltr'>ἰ</span> <span class='ocrx_word' id='word_1_163' title='bbox 143 1087 189 1124; x_wconf 90' lang='lat' dir='ltr'>at</span> <span class='ocrx_word' id='word_1_164' title='bbox 220 1096 319 1125; x_wconf 87' lang='lat' dir='ltr'>uero</span> <span class='ocrx_word' id='word_1_165' title='bbox 351 1082 422 1125; x_wconf 87' lang='lat' dir='ltr'>illa</span> <span class='ocrx_word' id='word_1_166' title='bbox 452 1088 617 1134; x_wconf 88' lang='lat' dir='ltr'>natura,</span> <span class='ocrx_word' id='word_1_167' title='bbox 653 1096 760 1140; x_wconf 86' lang='lat' dir='ltr'>quae</span> <span class='ocrx_word' id='word_1_168' title='bbox 792 1084 908 1127; x_wconf 84' lang='lat' dir='ltr'>facta</span> <span class='ocrx_word' id='word_1_169' title='bbox 933 1090 1008 1134; x_wconf 85' lang='lat' dir='ltr'>est,</span> <span class='ocrx_word' id='word_1_170' title='bbox 1036 1090 1229 1127; x_wconf 87' lang='lat' dir='ltr'>creatura</span> <span class='ocrx_word' id='word_1_171' title='bbox 1251 1089 1532 1140; x_wconf 87' lang='lat' dir='ltr'>nuncupatur,</span> <span class='ocrx_word' id='word_1_172' title='bbox 1560 1091 1721 1128; x_wconf 80' lang='lat' dir='ltr'>creator</span> 
     </span>
     <span class='ocr_line' id='line_1_35' title="bbox 17 1147 1722 1206; baseline 0.002 -16"><span class='ocrx_word' id='word_1_173' title='bbox 17 1147 20 1153; x_wconf 80' lang='grc'><em>“</em></span> <span class='ocrx_word' id='word_1_174' title='bbox 142 1153 284 1191; x_wconf 88' lang='lat' dir='ltr'>autem</span> <span class='ocrx_word' id='word_1_175' title='bbox 316 1149 431 1200; x_wconf 88' lang='lat' dir='ltr'>deus,</span> <span class='ocrx_word' id='word_1_176' title='bbox 483 1148 553 1192; x_wconf 89' lang='lat' dir='ltr'>illa</span> <span class='ocrx_word' id='word_1_177' title='bbox 584 1148 740 1192; x_wconf 86' lang='lat' dir='ltr'>scilicet</span> <span class='ocrx_word' id='word_1_178' title='bbox 772 1148 954 1193; x_wconf 77' lang='lat' dir='ltr'>trinitas.</span> <span class='ocrx_word' id='word_1_179' title='bbox 1001 1155 1193 1193; x_wconf 87' lang='lat' dir='ltr'>creatura</span> <span class='ocrx_word' id='word_1_180' title='bbox 1235 1164 1329 1206; x_wconf 86' lang='lat' dir='ltr'>crgo</span> <span class='ocrx_word' id='word_1_181' title='bbox 1363 1150 1423 1193; x_wconf 87' lang='lat' dir='ltr'>ita</span> <span class='ocrx_word' id='word_1_182' title='bbox 1455 1164 1541 1193; x_wconf 87' lang='lat' dir='ltr'>esse</span> <span class='ocrx_word' id='word_1_183' title='bbox 1569 1150 1722 1194; x_wconf 89' lang='lat' dir='ltr'>dicitur</span> 
     </span>
     <span class='ocr_line' id='line_1_36' title="bbox 77 1214 1722 1273; baseline 0.003 -18"><span class='ocrx_word' id='word_1_184' title='bbox 77 1225 116 1255; x_wconf 73' lang='grc' dir='ltr'>ιτ»</span> <span class='ocrx_word' id='word_1_185' title='bbox 145 1227 196 1256; x_wconf 83' lang='lat' dir='ltr'>ex</span> <span class='ocrx_word' id='word_1_186' title='bbox 228 1215 318 1263; x_wconf 81' lang='lat' dir='ltr'>deo,</span> <span class='ocrx_word' id='word_1_187' title='bbox 351 1221 398 1257; x_wconf 92' lang='lat' dir='ltr'>ut</span> <span class='ocrx_word' id='word_1_188' title='bbox 432 1227 513 1257; x_wconf 91' lang='lat' dir='ltr'>non</span> <span class='ocrx_word' id='word_1_189' title='bbox 546 1229 597 1257; x_wconf 87' lang='lat' dir='ltr'>ex</span> <span class='ocrx_word' id='word_1_190' title='bbox 630 1214 716 1258; x_wconf 87' lang='lat' dir='ltr'>eius</span> <span class='ocrx_word' id='word_1_191' title='bbox 748 1221 902 1259; x_wconf 89' lang='lat' dir='ltr'>natura</span> <span class='ocrx_word' id='word_1_192' title='bbox 933 1217 1048 1259; x_wconf 79' lang='lat' dir='ltr'>facta</span> <span class='ocrx_word' id='word_1_193' title='bbox 1080 1217 1152 1267; x_wconf 89' lang='lat' dir='ltr'>sit;</span> <span class='ocrx_word' id='word_1_194' title='bbox 1187 1230 1238 1258; x_wconf 89' lang='lat' dir='ltr'>ex</span> <span class='ocrx_word' id='word_1_195' title='bbox 1270 1215 1339 1259; x_wconf 88' lang='lat' dir='ltr'>illo</span> <span class='ocrx_word' id='word_1_196' title='bbox 1362 1217 1471 1259; x_wconf 90' lang='lat' dir='ltr'>enim</span> <span class='ocrx_word' id='word_1_197' title='bbox 1500 1222 1722 1273; x_wconf 90' lang='lat' dir='ltr'>propterea</span> 
     </span>
     <span class='ocr_line' id='line_1_37' title="bbox 144 1279 1716 1337; baseline 0.003 -16"><span class='ocrx_word' id='word_1_198' title='bbox 144 1280 314 1327; x_wconf 81' lang='lat' dir='ltr'>dicitur,</span> <span class='ocrx_word' id='word_1_199' title='bbox 350 1279 451 1337; x_wconf 89' lang='lat' dir='ltr'>quia</span> <span class='ocrx_word' id='word_1_200' title='bbox 482 1281 617 1336; x_wconf 87' lang='lat' dir='ltr'>ipsum</span> <span class='ocrx_word' id='word_1_201' title='bbox 651 1286 864 1324; x_wconf 83' lang='lat' dir='ltr'>auctorem</span> <span class='ocrx_word' id='word_1_202' title='bbox 898 1282 1026 1325; x_wconf 90' lang='lat' dir='ltr'>habet</span> <span class='ocrx_word' id='word_1_203' title='bbox 1059 1288 1106 1324; x_wconf 89' lang='lat' dir='ltr'>ut</span> <span class='ocrx_word' id='word_1_204' title='bbox 1139 1281 1207 1334; x_wconf 88' lang='lat' dir='ltr'>sit,</span> <span class='ocrx_word' id='word_1_205' title='bbox 1242 1296 1326 1325; x_wconf 91' lang='lat' dir='ltr'>non</span> <span class='ocrx_word' id='word_1_206' title='bbox 1358 1282 1430 1333; x_wconf 81' lang='lat' dir='ltr'>ita,</span> <span class='ocrx_word' id='word_1_207' title='bbox 1481 1290 1527 1326; x_wconf 88' lang='lat' dir='ltr'>ut</span> <span class='ocrx_word' id='word_1_208' title='bbox 1560 1282 1615 1326; x_wconf 87' lang='lat' dir='ltr'>ab</span> <span class='ocrx_word' id='word_1_209' title='bbox 1647 1282 1716 1325; x_wconf 94' lang='lat' dir='ltr'>illo</span> 
     </span>
     <span class='ocr_line' id='line_1_38' title="bbox 146 1346 1719 1402; baseline 0.002 -14"><span class='ocrx_word' id='word_1_210' title='bbox 146 1352 247 1389; x_wconf 87' lang='lat' dir='ltr'>nata</span> <span class='ocrx_word' id='word_1_211' title='bbox 280 1346 334 1388; x_wconf 91' lang='lat' dir='ltr'>sit</span> <span class='ocrx_word' id='word_1_212' title='bbox 363 1346 427 1388; x_wconf 85' lang='lat' dir='ltr'>uel</span> <span class='ocrx_word' id='word_1_213' title='bbox 475 1348 733 1402; x_wconf 86' lang='lat' dir='ltr'>processerit,</span> <span class='ocrx_word' id='word_1_214' title='bbox 777 1348 847 1390; x_wconf 90' lang='lat' dir='ltr'>sed</span> <span class='ocrx_word' id='word_1_215' title='bbox 881 1347 934 1389; x_wconf 88' lang='lat' dir='ltr'>ab</span> <span class='ocrx_word' id='word_1_216' title='bbox 967 1347 1037 1390; x_wconf 91' lang='lat' dir='ltr'>illo</span> <span class='ocrx_word' id='word_1_217' title='bbox 1069 1353 1222 1398; x_wconf 76' lang='lat' dir='ltr'>creata,</span> <span class='ocrx_word' id='word_1_218' title='bbox 1268 1349 1453 1400; x_wconf 88' lang='lat' dir='ltr'>condita,</span> <span class='ocrx_word' id='word_1_219' title='bbox 1496 1350 1610 1392; x_wconf 85' lang='lat' dir='ltr'>facta</span> <span class='ocrx_word' id='word_1_220' title='bbox 1651 1349 1719 1401; x_wconf 86' lang='lat' dir='ltr'>sit,</span> 
     </span>
     <span class='ocr_line' id='line_1_39' title="bbox 143 1411 1725 1467; baseline 0.003 -15"><span class='ocrx_word' id='word_1_221' title='bbox 143 1412 298 1467; x_wconf 89' lang='lat' dir='ltr'>partim</span> <span class='ocrx_word' id='word_1_222' title='bbox 332 1425 382 1455; x_wconf 86' lang='lat' dir='ltr'>ex</span> <span class='ocrx_word' id='word_1_223' title='bbox 415 1411 529 1455; x_wconf 91' lang='lat' dir='ltr'>nulla</span> <span class='ocrx_word' id='word_1_224' title='bbox 561 1412 655 1464; x_wconf 85' lang='lat' dir='ltr'>alia,</span> <span class='ocrx_word' id='word_1_225' title='bbox 699 1412 740 1454; x_wconf 95' lang='lat' dir='ltr'>id</span> <span class='ocrx_word' id='word_1_226' title='bbox 775 1418 838 1456; x_wconf 88' lang='lat' dir='ltr'>est</span> <span class='ocrx_word' id='word_1_227' title='bbox 880 1414 1049 1457; x_wconf 91' lang='lat' dir='ltr'>omnino</span> <span class='ocrx_word' id='word_1_228' title='bbox 1081 1428 1131 1457; x_wconf 87' lang='lat' dir='ltr'>ex</span> <span class='ocrx_word' id='word_1_229' title='bbox 1166 1413 1307 1465; x_wconf 88' lang='lat' dir='ltr'>nihilo,</span> <span class='ocrx_word' id='word_1_230' title='bbox 1349 1415 1457 1458; x_wconf 87' lang='lat' dir='ltr'>sicut</span> <span class='ocrx_word' id='word_1_231' title='bbox 1490 1414 1649 1458; x_wconf 88' lang='lat' dir='ltr'>caelum</span> <span class='ocrx_word' id='word_1_232' title='bbox 1683 1420 1725 1458; x_wconf 90' lang='lat' dir='ltr'>et</span> 
     </span>
     <span class='ocr_line' id='line_1_40' title="bbox 141 1477 1720 1534; baseline 0.001 -14"><span class='ocrx_word' id='word_1_233' title='bbox 141 1484 253 1520; x_wconf 89' lang='lat' dir='ltr'>terra</span> <span class='ocrx_word' id='word_1_234' title='bbox 281 1477 345 1520; x_wconf 89' lang='lat' dir='ltr'>uel</span> <span class='ocrx_word' id='word_1_235' title='bbox 378 1479 518 1534; x_wconf 87' lang='lat' dir='ltr'>potius</span> <span class='ocrx_word' id='word_1_236' title='bbox 553 1478 768 1522; x_wconf 90' lang='lat' dir='ltr'>uniuersae</span> <span class='ocrx_word' id='word_1_237' title='bbox 800 1480 1038 1523; x_wconf 84' lang='lat' dir='ltr'>mundanae</span> <span class='ocrx_word' id='word_1_238' title='bbox 1059 1480 1178 1523; x_wconf 90' lang='lat' dir='ltr'>molis</span> <span class='ocrx_word' id='word_1_239' title='bbox 1211 1480 1403 1524; x_wconf 86' lang='lat' dir='ltr'>uniuersa</span> <span class='ocrx_word' id='word_1_240' title='bbox 1435 1494 1529 1523; x_wconf 90' lang='lat' dir='ltr'>cum</span> <span class='ocrx_word' id='word_1_241' title='bbox 1562 1481 1720 1524; x_wconf 86' lang='lat' dir='ltr'>mundo</span> 
     </span>
     <span class='ocr_line' id='line_1_41' title="bbox 71 1544 1721 1603; baseline 0.002 -17"><span class='ocrx_word' id='word_1_242' title='bbox 71 1554 116 1586; x_wconf 68' lang='lat' dir='ltr'>zo</span> <span class='ocrx_word' id='word_1_243' title='bbox 143 1550 363 1587; x_wconf 87' lang='lat' dir='ltr'>concreata</span> <span class='ocrx_word' id='word_1_244' title='bbox 393 1544 582 1596; x_wconf 85' lang='lat' dir='ltr'>materia,</span> <span class='ocrx_word' id='word_1_245' title='bbox 616 1545 770 1599; x_wconf 87' lang='lat' dir='ltr'>partim</span> <span class='ocrx_word' id='word_1_246' title='bbox 799 1558 896 1587; x_wconf 88' lang='lat' dir='ltr'>uero</span> <span class='ocrx_word' id='word_1_247' title='bbox 918 1558 969 1588; x_wconf 85' lang='lat' dir='ltr'>ex</span> <span class='ocrx_word' id='word_1_248' title='bbox 990 1545 1072 1588; x_wconf 89' lang='lat' dir='ltr'>alia</span> <span class='ocrx_word' id='word_1_249' title='bbox 1089 1546 1171 1589; x_wconf 89' lang='lat' dir='ltr'>iam</span> <span class='ocrx_word' id='word_1_250' title='bbox 1189 1544 1331 1588; x_wconf 86' lang='lat' dir='ltr'>creat&#39;a</span> <span class='ocrx_word' id='word_1_251' title='bbox 1347 1551 1476 1603; x_wconf 85' lang='lat' dir='ltr'>atque</span> <span class='ocrx_word' id='word_1_252' title='bbox 1494 1547 1721 1590; x_wconf 84' lang='lat' dir='ltr'>exsistente</span> 
     </span>
     <span class='ocr_line' id='line_1_42' title="bbox 147 1609 1718 1668; baseline 0.003 -17"><span class='ocrx_word' id='word_1_253' title='bbox 147 1614 313 1657; x_wconf 79' lang='lat' dir='ltr'>natura,</span> <span class='ocrx_word' id='word_1_254' title='bbox 348 1609 457 1653; x_wconf 90' lang='lat' dir='ltr'>sicut</span> <span class='ocrx_word' id='word_1_255' title='bbox 489 1611 551 1652; x_wconf 90' lang='lat' dir='ltr'>uir</span> <span class='ocrx_word' id='word_1_256' title='bbox 583 1624 634 1653; x_wconf 85' lang='lat' dir='ltr'>ex</span> <span class='ocrx_word' id='word_1_257' title='bbox 660 1609 772 1663; x_wconf 88' lang='lat' dir='ltr'>limo,</span> <span class='ocrx_word' id='word_1_258' title='bbox 820 1610 968 1654; x_wconf 90' lang='lat' dir='ltr'>mulier</span> <span class='ocrx_word' id='word_1_259' title='bbox 999 1626 1051 1654; x_wconf 86' lang='lat' dir='ltr'>ex</span> <span class='ocrx_word' id='word_1_260' title='bbox 1084 1611 1187 1662; x_wconf 86' lang='lat' dir='ltr'>uiro,</span> <span class='ocrx_word' id='word_1_261' title='bbox 1221 1625 1272 1654; x_wconf 88' lang='lat' dir='ltr'>ex</span> <span class='ocrx_word' id='word_1_262' title='bbox 1305 1612 1548 1668; x_wconf 87' lang='lat' dir='ltr'>parentibus</span> <span class='ocrx_word' id='word_1_263' title='bbox 1583 1614 1718 1660; x_wconf 81' lang='lat' dir='ltr'>homo.</span> 
     </span>
     <span class='ocr_line' id='line_1_43' title="bbox 143 1676 1722 1725; baseline 0.003 -8"><span class='ocrx_word' id='word_1_264' title='bbox 143 1681 336 1718; x_wconf 87' lang='lat' dir='ltr'>creatura</span> <span class='ocrx_word' id='word_1_265' title='bbox 367 1681 510 1719; x_wconf 83' lang='lat' dir='ltr'>tamen</span> <span class='ocrx_word' id='word_1_266' title='bbox 544 1676 678 1719; x_wconf 90' lang='lat' dir='ltr'>omnis</span> <span class='ocrx_word' id='word_1_267' title='bbox 712 1690 763 1719; x_wconf 85' lang='lat' dir='ltr'>ex</span> <span class='ocrx_word' id='word_1_268' title='bbox 794 1677 886 1725; x_wconf 84' lang='lat' dir='ltr'>deo,</span> <span class='ocrx_word' id='word_1_269' title='bbox 920 1678 990 1719; x_wconf 89' lang='lat' dir='ltr'>sed</span> <span class='ocrx_word' id='word_1_270' title='bbox 1025 1683 1191 1720; x_wconf 87' lang='lat' dir='ltr'>creante</span> <span class='ocrx_word' id='word_1_271' title='bbox 1233 1678 1297 1720; x_wconf 94' lang='lat' dir='ltr'>uel</span> <span class='ocrx_word' id='word_1_272' title='bbox 1330 1692 1380 1721; x_wconf 83' lang='lat' dir='ltr'>ex</span> <span class='ocrx_word' id='word_1_273' title='bbox 1413 1678 1540 1721; x_wconf 89' lang='lat' dir='ltr'>nihilo</span> <span class='ocrx_word' id='word_1_274' title='bbox 1574 1678 1639 1721; x_wconf 90' lang='lat' dir='ltr'>uel</span> <span class='ocrx_word' id='word_1_275' title='bbox 1671 1693 1722 1722; x_wconf 82' lang='lat' dir='ltr'>ex</span> 
     </span>
     <span class='ocr_line' id='line_1_44' title="bbox 144 1740 1510 1800; baseline 0.004 -17"><span class='ocrx_word' id='word_1_276' title='bbox 144 1740 298 1797; x_wconf 90' lang='lat' dir='ltr'>aliquo,</span> <span class='ocrx_word' id='word_1_277' title='bbox 332 1755 417 1784; x_wconf 91' lang='lat' dir='ltr'>non</span> <span class='ocrx_word' id='word_1_278' title='bbox 449 1747 591 1785; x_wconf 90' lang='lat' dir='ltr'>autem</span> <span class='ocrx_word' id='word_1_279' title='bbox 623 1742 819 1798; x_wconf 85' lang='lat' dir='ltr'>gignente</span> <span class='ocrx_word' id='word_1_280' title='bbox 852 1743 918 1785; x_wconf 89' lang='lat' dir='ltr'>uel</span> <span class='ocrx_word' id='word_1_281' title='bbox 956 1743 1216 1800; x_wconf 85' lang='lat' dir='ltr'>producente</span> <span class='ocrx_word' id='word_1_282' title='bbox 1249 1745 1300 1787; x_wconf 91' lang='lat' dir='ltr'>de</span> <span class='ocrx_word' id='word_1_283' title='bbox 1333 1758 1376 1787; x_wconf 92' lang='lat' dir='ltr'>se</span> <span class='ocrx_word' id='word_1_284' title='bbox 1409 1745 1510 1799; x_wconf 87' lang='lat' dir='ltr'>ipso.</span> 
     </span>
    </p>
   </div>
   <div class='ocr_carea' id='block_1_4' title="bbox 16 1823 1723 2345">
    <p class='ocr_par' dir='ltr' id='par_1_4' title="bbox 228 1823 1720 1885">
     <span class='ocr_line' id='line_1_45' title="bbox 228 1823 1720 1885; baseline 0.003 -19"><span class='ocrx_word' id='word_1_285' title='bbox 228 1823 263 1867; x_wconf 89' lang='lat'>6.</span> <span class='ocrx_word' id='word_1_286' title='bbox 302 1825 345 1868; x_wconf 90' lang='lat' dir='ltr'>Si</span> <span class='ocrx_word' id='word_1_287' title='bbox 387 1825 488 1867; x_wconf 89' lang='lat' dir='ltr'>haec</span> <span class='ocrx_word' id='word_1_288' title='bbox 536 1839 630 1868; x_wconf 91' lang='lat' dir='ltr'>cum</span> <span class='ocrx_word' id='word_1_289' title='bbox 679 1826 888 1869; x_wconf 91' lang='lat' dir='ltr'>catholico</span> <span class='ocrx_word' id='word_1_290' title='bbox 936 1827 1082 1883; x_wconf 89' lang='lat' dir='ltr'>loquor</span> <span class='ocrx_word' id='word_1_291' title='bbox 1122 1828 1253 1883; x_wconf 88' lang='lat' dir='ltr'>magis</span> <span class='ocrx_word' id='word_1_292' title='bbox 1295 1842 1561 1872; x_wconf 89' lang='lat' dir='ltr'>commonens</span> <span class='ocrx_word' id='word_1_293' title='bbox 1594 1843 1720 1885; x_wconf 85' lang='lat' dir='ltr'>quam</span> 
     </span>
    </p>

    <p class='ocr_par' dir='ltr' id='par_1_5' title="bbox 71 1890 1723 2146">
     <span class='ocr_line' id='line_1_46' title="bbox 71 1890 1718 1949; baseline 0.002 -17"><span class='ocrx_word' id='word_1_294' title='bbox 71 1900 115 1933; x_wconf 73' lang='lat'>25</span> <span class='ocrx_word' id='word_1_295' title='bbox 144 1890 294 1933; x_wconf 84' lang='lat' dir='ltr'>docens</span> <span class='ocrx_word' id='word_1_296' title='bbox 326 1915 379 1921; x_wconf 94' lang='lat'>—</span> <span class='ocrx_word' id='word_1_297' title='bbox 411 1904 545 1947; x_wconf 89' lang='lat' dir='ltr'>neque</span> <span class='ocrx_word' id='word_1_298' title='bbox 577 1892 687 1934; x_wconf 90' lang='lat' dir='ltr'>enim</span> <span class='ocrx_word' id='word_1_299' title='bbox 720 1906 806 1935; x_wconf 89' lang='lat' dir='ltr'>esse</span> <span class='ocrx_word' id='word_1_300' title='bbox 839 1892 918 1935; x_wconf 91' lang='lat' dir='ltr'>tibi</span> <span class='ocrx_word' id='word_1_301' title='bbox 949 1892 1128 1936; x_wconf 84' lang='lat' dir='ltr'>arbitror</span> <span class='ocrx_word' id='word_1_302' title='bbox 1161 1907 1272 1936; x_wconf 86' lang='lat' dir='ltr'>noua</span> <span class='ocrx_word' id='word_1_303' title='bbox 1294 1894 1358 1936; x_wconf 90' lang='lat' dir='ltr'>uel</span> <span class='ocrx_word' id='word_1_304' title='bbox 1382 1894 1529 1937; x_wconf 87' lang='lat' dir='ltr'>audita</span> <span class='ocrx_word' id='word_1_305' title='bbox 1551 1895 1718 1949; x_wconf 91' lang='lat' dir='ltr'>quidem</span> 
     </span>
     <span class='ocr_line' id='line_1_47' title="bbox 144 1958 1721 2015; baseline 0.003 -18"><span class='ocrx_word' id='word_1_306' title='bbox 144 1960 186 1997; x_wconf 91' lang='lat' dir='ltr'>et</span> <span class='ocrx_word' id='word_1_307' title='bbox 214 1960 350 2007; x_wconf 80' lang='lat' dir='ltr'>antea,</span> <span class='ocrx_word' id='word_1_308' title='bbox 385 1970 470 1999; x_wconf 92' lang='lat' dir='ltr'>non</span> <span class='ocrx_word' id='word_1_309' title='bbox 486 1963 630 2000; x_wconf 89' lang='lat' dir='ltr'>tamen</span> <span class='ocrx_word' id='word_1_310' title='bbox 658 1958 828 2008; x_wconf 77' lang='lat' dir='ltr'>credita,</span> <span class='ocrx_word' id='word_1_311' title='bbox 863 1958 946 2008; x_wconf 91' lang='lat' dir='ltr'>sed,</span> <span class='ocrx_word' id='word_1_312' title='bbox 982 1964 1029 2001; x_wconf 93' lang='lat' dir='ltr'>ut</span> <span class='ocrx_word' id='word_1_313' title='bbox 1054 1959 1261 2010; x_wconf 84' lang='lat' dir='ltr'>existimo,</span> <span class='ocrx_word' id='word_1_314' title='bbox 1296 1959 1353 2002; x_wconf 89' lang='lat' dir='ltr'>sic</span> <span class='ocrx_word' id='word_1_315' title='bbox 1379 1959 1478 2015; x_wconf 85' lang='lat' dir='ltr'>legis</span> <span class='ocrx_word' id='word_1_316' title='bbox 1499 1959 1721 2015; x_wconf 83' lang='lat' dir='ltr'>epistulam</span> 
     </span>
     <span class='ocr_line' id='line_1_48' title="bbox 146 2022 1723 2081; baseline 0.004 -18"><span class='ocrx_word' id='word_1_317' title='bbox 146 2034 296 2073; x_wconf 82' lang='lat' dir='ltr'>meam,</span> <span class='ocrx_word' id='word_1_318' title='bbox 331 2027 378 2064; x_wconf 88' lang='lat' dir='ltr'>ut</span> <span class='ocrx_word' id='word_1_319' title='bbox 404 2022 469 2064; x_wconf 89' lang='lat' dir='ltr'>hic</span> <span class='ocrx_word' id='word_1_320' title='bbox 492 2035 691 2078; x_wconf 84' lang='lat' dir='ltr'>agnoscas</span> <span class='ocrx_word' id='word_1_321' title='bbox 709 2024 838 2066; x_wconf 88' lang='lat' dir='ltr'>etiam</span> <span class='ocrx_word' id='word_1_322' title='bbox 862 2023 989 2066; x_wconf 84' lang='lat' dir='ltr'>fidem</span> <span class='ocrx_word' id='word_1_323' title='bbox 1006 2029 1139 2076; x_wconf 86' lang='lat' dir='ltr'>tuam,</span> <span class='ocrx_word' id='word_1_324' title='bbox 1172 2039 1278 2081; x_wconf 87' lang='lat' dir='ltr'>quae</span> <span class='ocrx_word' id='word_1_325' title='bbox 1303 2025 1421 2068; x_wconf 88' lang='lat' dir='ltr'>nobis</span> <span class='ocrx_word' id='word_1_326' title='bbox 1447 2025 1490 2068; x_wconf 93' lang='lat' dir='ltr'>in</span> <span class='ocrx_word' id='word_1_327' title='bbox 1517 2025 1723 2070; x_wconf 84' lang='lat' dir='ltr'>catholiea</span> 
     </span>
     <span class='ocr_line' id='line_1_49' title="bbox 153 2087 1722 2146; baseline 0.003 -17"><span class='ocrx_word' id='word_1_328' title='bbox 153 2087 325 2130; x_wconf 86' lang='lat' dir='ltr'>eeclesia</span> <span class='ocrx_word' id='word_1_329' title='bbox 341 2087 513 2130; x_wconf 91' lang='lat' dir='ltr'>domino</span> <span class='ocrx_word' id='word_1_330' title='bbox 533 2088 717 2132; x_wconf 85' lang='lat' dir='ltr'>donante</span> <span class='ocrx_word' id='word_1_331' title='bbox 748 2090 980 2132; x_wconf 87' lang='lat' dir='ltr'>communis</span> <span class='ocrx_word' id='word_1_332' title='bbox 1005 2095 1068 2132; x_wconf 86' lang='lat' dir='ltr'>est</span> <span class='ocrx_word' id='word_1_333' title='bbox 1094 2116 1158 2140; x_wconf 90' lang='lat'>—,</span> <span class='ocrx_word' id='word_1_334' title='bbox 1194 2091 1226 2133; x_wconf 91' lang='lat' dir='ltr'>si</span> <span class='ocrx_word' id='word_1_335' title='bbox 1259 2104 1353 2146; x_wconf 80' lang='lat' dir='ltr'>elgo</span> <span class='ocrx_word' id='word_1_336' title='bbox 1374 2091 1486 2141; x_wconf 84' lang='lat' dir='ltr'>haee,</span> <span class='ocrx_word' id='word_1_337' title='bbox 1520 2097 1566 2134; x_wconf 92' lang='lat' dir='ltr'>ut</span> <span class='ocrx_word' id='word_1_338' title='bbox 1587 2092 1722 2134; x_wconf 85' lang='lat' dir='ltr'>dicere</span> 
     </span>
    </p>

    <p class='ocr_par' dir='ltr' id='par_1_6' title="bbox 16 2153 1722 2345">
     <span class='ocr_line' id='line_1_50' title="bbox 43 2153 1721 2211; baseline 0.004 -17"><span class='ocrx_word' id='word_1_339' title='bbox 43 2207 46 2210; x_wconf 10' lang='grc' dir='ltr'><strong>ἥ</strong></span> <span class='ocrx_word' id='word_1_340' title='bbox 145 2165 375 2209; x_wconf 86' lang='lat' dir='ltr'>coeperam,</span> <span class='ocrx_word' id='word_1_341' title='bbox 399 2167 494 2197; x_wconf 91' lang='lat' dir='ltr'>cum</span> <span class='ocrx_word' id='word_1_342' title='bbox 518 2153 725 2198; x_wconf 90' lang='lat' dir='ltr'>catholico</span> <span class='ocrx_word' id='word_1_343' title='bbox 744 2155 902 2211; x_wconf 87' lang='lat' dir='ltr'>loquor,</span> <span class='ocrx_word' id='word_1_344' title='bbox 917 2155 1038 2207; x_wconf 90' lang='lat' dir='ltr'>unde,</span> <span class='ocrx_word' id='word_1_345' title='bbox 1059 2156 1240 2208; x_wconf 86' lang='lat' dir='ltr'>obsecro,</span> <span class='ocrx_word' id='word_1_346' title='bbox 1260 2157 1392 2200; x_wconf 79' lang='lat' dir='ltr'>credis</span> <span class='ocrx_word' id='word_1_347' title='bbox 1416 2171 1502 2200; x_wconf 88' lang='lat' dir='ltr'>esse</span> <span class='ocrx_word' id='word_1_348' title='bbox 1525 2157 1721 2207; x_wconf 80' lang='lat' dir='ltr'>animam,</span> 
     </span>
     <span class='ocr_line' id='line_1_51' title="bbox 37 2217 1722 2278; baseline 0.004 -19"><span class='ocrx_word' id='word_1_349' title='bbox 37 2217 48 2234; x_wconf 66' lang='lat'>‘</span> <span class='ocrx_word' id='word_1_350' title='bbox 74 2227 119 2260; x_wconf 64' lang='grc' dir='ltr'>ιο</span> <span class='ocrx_word' id='word_1_351' title='bbox 145 2230 230 2261; x_wconf 93' lang='lat' dir='ltr'>non</span> <span class='ocrx_word' id='word_1_352' title='bbox 263 2219 587 2275; x_wconf 87' lang='lat' dir='ltr'>uniuscuiusque</span> <span class='ocrx_word' id='word_1_353' title='bbox 619 2225 809 2263; x_wconf 89' lang='lat' dir='ltr'>nostrum</span> <span class='ocrx_word' id='word_1_354' title='bbox 841 2220 947 2273; x_wconf 91' lang='lat' dir='ltr'>dico,</span> <span class='ocrx_word' id='word_1_355' title='bbox 985 2222 1056 2265; x_wconf 89' lang='lat' dir='ltr'>sed</span> <span class='ocrx_word' id='word_1_356' title='bbox 1090 2222 1269 2277; x_wconf 89' lang='lat' dir='ltr'>primam</span> <span class='ocrx_word' id='word_1_357' title='bbox 1301 2223 1435 2278; x_wconf 91' lang='lat' dir='ltr'>primo</span> <span class='ocrx_word' id='word_1_358' title='bbox 1467 2223 1524 2266; x_wconf 94' lang='lat' dir='ltr'>illi</span> <span class='ocrx_word' id='word_1_359' title='bbox 1565 2223 1722 2266; x_wconf 90' lang='lat' dir='ltr'>homini</span> 
     </span>
     <span class='ocr_line' id='line_1_52' title="bbox 16 2284 1721 2345; baseline 0.002 -18"><span class='ocrx_word' id='word_1_360' title='bbox 16 2285 22 2290; x_wconf 77' lang='grc'>“</span> <span class='ocrx_word' id='word_1_361' title='bbox 146 2284 323 2327; x_wconf 84' lang='lat' dir='ltr'>datam?</span> <span class='ocrx_word' id='word_1_362' title='bbox 357 2285 390 2327; x_wconf 89' lang='lat' dir='ltr'>si</span> <span class='ocrx_word' id='word_1_363' title='bbox 424 2299 475 2328; x_wconf 85' lang='lat' dir='ltr'>ex</span> <span class='ocrx_word' id='word_1_364' title='bbox 508 2285 637 2329; x_wconf 91' lang='lat' dir='ltr'>nihilo</span> <span class='ocrx_word' id='word_1_365' title='bbox 670 2291 711 2329; x_wconf 88' lang='lat' dir='ltr'>et</span> <span class='ocrx_word' id='word_1_366' title='bbox 745 2287 903 2330; x_wconf 79' lang='lat' dir='ltr'>factam</span> <span class='ocrx_word' id='word_1_367' title='bbox 937 2292 1079 2331; x_wconf 91' lang='lat' dir='ltr'>tamen</span> <span class='ocrx_word' id='word_1_368' title='bbox 1112 2288 1458 2345; x_wconf 87' lang='lat' dir='ltr'>insufflatamque</span> <span class='ocrx_word' id='word_1_369' title='bbox 1490 2303 1514 2332; x_wconf 93' lang='lat' dir='ltr'>a</span> <span class='ocrx_word' id='word_1_370' title='bbox 1547 2290 1637 2341; x_wconf 90' lang='lat' dir='ltr'>deo,</span> <span class='ocrx_word' id='word_1_371' title='bbox 1681 2289 1721 2331; x_wconf 92' lang='lat' dir='ltr'>id</span> 
     </span>
    </p>
   </div>
   <div class='ocr_carea' id='block_1_5' title="bbox 238 2426 521 2465">
    <p class='ocr_par' dir='ltr' id='par_1_7' title="bbox 238 2426 521 2465">
     <span class='ocr_line' id='line_1_53' title="bbox 238 2426 521 2465; baseline 0.007 -2"><span class='ocrx_word' id='word_1_372' title='bbox 238 2428 255 2463; x_wconf 94' lang='lat'>1</span> <span class='ocrx_word' id='word_1_373' title='bbox 280 2426 379 2464; x_wconf 87' lang='lat' dir='ltr'>Vinc.</span> <span class='ocrx_word' id='word_1_374' title='bbox 399 2427 521 2465; x_wconf 77' lang='lat' dir='ltr'>Victor</span> 
     </span>
    </p>
   </div>
   <div class='ocr_carea' id='block_1_6' title="bbox 150 2539 1721 2828">
    <p class='ocr_par' dir='ltr' id='par_1_8' title="bbox 150 2539 1721 2828">
     <span class='ocr_line' id='line_1_54' title="bbox 242 2539 1721 2591; baseline 0.004 -15"><span class='ocrx_word' id='word_1_375' title='bbox 242 2542 259 2576; x_wconf 93' lang='lat'>1</span> <span class='ocrx_word' id='word_1_376' title='bbox 287 2539 376 2577; x_wconf 84' lang='lat' dir='ltr'>dicit</span> <span class='ocrx_word' id='word_1_377' title='bbox 391 2551 466 2578; x_wconf 74' lang='lat' dir='ltr'>osso</span> <span class='ocrx_word' id='word_1_378' title='bbox 477 2541 508 2577; x_wconf 85' lang='grc' dir='ltr'><em>Ε</em></span> <span class='ocrx_word' id='word_1_379' title='bbox 615 2542 638 2578; x_wconf 82' lang='lat'><strong>5</strong></span> <span class='ocrx_word' id='word_1_380' title='bbox 662 2542 719 2578; x_wconf 80' lang='lat' dir='ltr'>uel</span> <span class='ocrx_word' id='word_1_381' title='bbox 736 2542 822 2579; x_wconf 78' lang='lat' dir='ltr'>deus</span> <span class='ocrx_word' id='word_1_382' title='bbox 836 2553 907 2578; x_wconf 93' lang='lat' dir='ltr'>non</span> <span class='ocrx_word' id='word_1_383' title='bbox 920 2546 974 2579; x_wconf 82' lang='lat' dir='ltr'>est</span> <span class='ocrx_word' id='word_1_384' title='bbox 989 2543 1043 2588; x_wconf 76' lang='lat' dir='ltr'>(in</span> <span class='ocrx_word' id='word_1_385' title='bbox 1056 2555 1120 2591; x_wconf 73' lang='lat' dir='ltr'>my.</span> <span class='ocrx_word' id='word_1_386' title='bbox 1138 2544 1184 2580; x_wconf 85' lang='lat' dir='ltr'>al.</span> <span class='ocrx_word' id='word_1_387' title='bbox 1200 2544 1270 2580; x_wconf 87' lang='lat' dir='ltr'>lex</span> <span class='ocrx_word' id='word_1_388' title='bbox 1286 2545 1334 2581; x_wconf 77' lang='lat' dir='ltr'>dt&#39;)</span> <span class='ocrx_word' id='word_1_389' title='bbox 1345 2546 1379 2590; x_wconf 74' lang='grc' dir='ltr'>ἐ)</span> <span class='ocrx_word' id='word_1_390' title='bbox 1389 2545 1408 2581; x_wconf 82' lang='lat' dir='ltr'><strong><em>b</em></strong></span> <span class='ocrx_word' id='word_1_391' title='bbox 1512 2547 1533 2582; x_wconf 89' lang='grc'>6</span> <span class='ocrx_word' id='word_1_392' title='bbox 1558 2550 1613 2582; x_wconf 84' lang='lat' dir='ltr'>est</span> <span class='ocrx_word' id='word_1_393' title='bbox 1628 2546 1721 2582; x_wconf 85' lang='lat' dir='ltr'>om.G</span> 
     </span>
     <span class='ocr_line' id='line_1_55' title="bbox 150 2599 1721 2652; baseline 0.003 -16"><span class='ocrx_word' id='word_1_394' title='bbox 150 2599 195 2636; x_wconf 93' lang='lat'>10</span> <span class='ocrx_word' id='word_1_395' title='bbox 207 2602 263 2636; x_wconf 75' lang='lat' dir='ltr'>est</span> <span class='ocrx_word' id='word_1_396' title='bbox 279 2601 380 2637; x_wconf 71' lang='lat' dir='ltr'>omE</span> <span class='ocrx_word' id='word_1_397' title='bbox 456 2602 495 2638; x_wconf 91' lang='lat'>11</span> <span class='ocrx_word' id='word_1_398' title='bbox 513 2603 550 2637; x_wconf 83' lang='lat' dir='ltr'>et</span> <span class='ocrx_word' id='word_1_399' title='bbox 562 2601 664 2637; x_wconf 88' lang='lat' dir='ltr'>om.D</span> <span class='ocrx_word' id='word_1_400' title='bbox 752 2602 918 2649; x_wconf 82' lang='lat' dir='ltr'>quodque</span> <span class='ocrx_word' id='word_1_401' title='bbox 929 2603 1042 2639; x_wconf 81' lang='lat' dir='ltr'><strong><em>Em2d</em></strong></span> <span class='ocrx_word' id='word_1_402' title='bbox 1118 2606 1160 2641; x_wconf 84' lang='lat'>12</span> <span class='ocrx_word' id='word_1_403' title='bbox 1176 2604 1265 2652; x_wconf 77' lang='lat' dir='ltr'>siue]</span> <span class='ocrx_word' id='word_1_404' title='bbox 1278 2604 1351 2641; x_wconf 81' lang='lat' dir='ltr'>sinc</span> <span class='ocrx_word' id='word_1_405' title='bbox 1363 2605 1415 2641; x_wconf 70' lang='lat' dir='ltr'>Bb</span> <span class='ocrx_word' id='word_1_406' title='bbox 1481 2607 1523 2642; x_wconf 90' lang='lat'>13</span> <span class='ocrx_word' id='word_1_407' title='bbox 1537 2610 1645 2652; x_wconf 83' lang='lat' dir='ltr'>atque</span> <span class='ocrx_word' id='word_1_408' title='bbox 1657 2606 1721 2641; x_wconf 81' lang='lat' dir='ltr'>AF</span> 
     </span>
     <span class='ocr_line' id='line_1_56' title="bbox 154 2658 1721 2710; baseline 0.004 -14"><span class='ocrx_word' id='word_1_409' title='bbox 154 2668 247 2706; x_wconf 64' lang='lat' dir='ltr'>aque</span> <span class='ocrx_word' id='word_1_410' title='bbox 262 2658 324 2696; x_wconf 82' lang='lat' dir='ltr'>Bc</span> <span class='ocrx_word' id='word_1_411' title='bbox 407 2664 658 2708; x_wconf 79' lang='lat' dir='ltr'>nuncupantur</span> <span class='ocrx_word' id='word_1_412' title='bbox 669 2661 699 2697; x_wconf 87' lang='lat' dir='ltr'><em>C</em></span> <span class='ocrx_word' id='word_1_413' title='bbox 790 2663 832 2699; x_wconf 92' lang='lat'>15</span> <span class='ocrx_word' id='word_1_414' title='bbox 849 2662 922 2710; x_wconf 92' lang='lat' dir='ltr'>illo]</span> <span class='ocrx_word' id='word_1_415' title='bbox 935 2662 1046 2699; x_wconf 87' lang='lat' dir='ltr'>nihilo</span> <span class='ocrx_word' id='word_1_416' title='bbox 1055 2663 1086 2698; x_wconf 88' lang='lat' dir='ltr'><em>F</em></span> <span class='ocrx_word' id='word_1_417' title='bbox 1175 2665 1220 2700; x_wconf 82' lang='lat'>20</span> <span class='ocrx_word' id='word_1_418' title='bbox 1234 2676 1286 2710; x_wconf 83' lang='lat' dir='ltr'>pr.</span> <span class='ocrx_word' id='word_1_419' title='bbox 1303 2668 1422 2701; x_wconf 78' lang='lat' dir='ltr'>creata</span> <span class='ocrx_word' id='word_1_420' title='bbox 1432 2665 1464 2700; x_wconf 92' lang='lat' dir='ltr'><em>D</em></span> <span class='ocrx_word' id='word_1_421' title='bbox 1549 2665 1721 2702; x_wconf 79' lang='lat' dir='ltr'>existente</span> 
     </span>
     <span class='ocr_line' id='line_1_57' title="bbox 159 2716 1720 2770; baseline 0.004 -15"><span class='ocrx_word' id='word_1_422' title='bbox 159 2716 283 2756; x_wconf 73' lang='lat' dir='ltr'>nom</span> <span class='ocrx_word' id='word_1_423' title='bbox 359 2720 403 2756; x_wconf 85' lang='lat'>23</span> <span class='ocrx_word' id='word_1_424' title='bbox 414 2719 524 2757; x_wconf 72' lang='lat' dir='ltr'>alioF</span> <span class='ocrx_word' id='word_1_425' title='bbox 613 2722 655 2758; x_wconf 79' lang='lat'>24</span> <span class='ocrx_word' id='word_1_426' title='bbox 670 2720 723 2768; x_wconf 91' lang='lat' dir='ltr'>Si]</span> <span class='ocrx_word' id='word_1_427' title='bbox 737 2721 808 2757; x_wconf 76' lang='lat' dir='ltr'>Sed</span> <span class='ocrx_word' id='word_1_428' title='bbox 819 2722 838 2758; x_wconf 78' lang='lat' dir='ltr'><strong><em>b</em></strong></span> <span class='ocrx_word' id='word_1_429' title='bbox 914 2723 957 2759; x_wconf 81' lang='lat'>26</span> <span class='ocrx_word' id='word_1_430' title='bbox 972 2722 1144 2759; x_wconf 73' lang='lat' dir='ltr'>exesumo</span> <span class='ocrx_word' id='word_1_431' title='bbox 1154 2723 1187 2759; x_wconf 78' lang='lat' dir='ltr'><strong><em>A</em></strong></span> <span class='ocrx_word' id='word_1_432' title='bbox 1208 2723 1421 2770; x_wconf 63' lang='lat' dir='ltr'>istexistimo</span> <span class='ocrx_word' id='word_1_433' title='bbox 1431 2724 1460 2760; x_wconf 90' lang='lat' dir='ltr'><em>C</em></span> <span class='ocrx_word' id='word_1_434' title='bbox 1536 2725 1578 2761; x_wconf 82' lang='lat'>27</span> <span class='ocrx_word' id='word_1_435' title='bbox 1594 2725 1675 2761; x_wconf 87' lang='lat' dir='ltr'>hinc</span> <span class='ocrx_word' id='word_1_436' title='bbox 1689 2726 1720 2761; x_wconf 84' lang='lat' dir='ltr'><em>E</em></span> 
     </span>
     <span class='ocr_line' id='line_1_58' title="bbox 153 2773 1175 2828; baseline 0.004 -13"><span class='ocrx_word' id='word_1_437' title='bbox 153 2777 199 2815; x_wconf 81' lang='lat'>29</span> <span class='ocrx_word' id='word_1_438' title='bbox 211 2782 400 2827; x_wconf 75' lang='lat' dir='ltr'>coeperant</span> <span class='ocrx_word' id='word_1_439' title='bbox 409 2780 442 2816; x_wconf 83' lang='lat' dir='ltr'><em>A</em></span> <span class='ocrx_word' id='word_1_440' title='bbox 530 2780 576 2817; x_wconf 80' lang='lat'>30</span> <span class='ocrx_word' id='word_1_441' title='bbox 589 2780 755 2817; x_wconf 74' lang='lat' dir='ltr'>uniuseus</span> <span class='ocrx_word' id='word_1_442' title='bbox 769 2781 893 2828; x_wconf 80' lang='lat' dir='ltr'>iusque</span> <span class='ocrx_word' id='word_1_443' title='bbox 903 2782 936 2818; x_wconf 78' lang='lat' dir='ltr'><strong><em>A</em></strong></span> <span class='ocrx_word' id='word_1_444' title='bbox 1026 2773 1128 2819; x_wconf 64' lang='lat' dir='ltr'>Era—m</span> <span class='ocrx_word' id='word_1_445' title='bbox 1142 2784 1175 2819; x_wconf 82' lang='lat' dir='ltr'><em>E</em></span> 
     </span>
    </p>
   </div>
   <div class='ocr_carea' id='block_1_7' title="bbox 1583 2857 1648 2893">
    <p class='ocr_par' dir='ltr' id='par_1_9' title="bbox 1583 2857 1648 2893">
     <span class='ocr_line' id='line_1_59' title="bbox 1583 2857 1648 2893; baseline 0 0"><span class='ocrx_word' id='word_1_446' title='bbox 1583 2857 1648 2893; x_wconf 75' lang='lat'>22*</span> 
     </span>
    </p>
   </div>
  </div>
 </body>
</html>
