2028 3204
94 899 132 927 10

92 1227 128 1256 15

87 1556 129 1586 20

88 1885 129 1914 25

748 166 836 203 liber
867 166 906 203 11
934 166 968 210 3,
998 166 1099 209 5—4‚
1130 170 1150 202 ϋ
1663 160 1741 202 465

159 306 246 337 esse
272 293 538 345 catholicum,
565 306 692 350 quam
717 293 951 345 emendata,
979 300 1148 349 propter
1178 294 1279 336 illud
1306 295 1418 350 quod
1445 308 1485 338 se
1513 309 1645 351 papae
1673 297 1739 339 In-

158 359 338 402 nocentii
372 359 521 402 litteris
555 359 785 403 consentire
819 359 906 415 ipse
939 360 1225 415 responderat:
1262 367 1363 404 tunc
1396 374 1489 417 ergo
1523 374 1618 404 cum
1652 362 1739 405 eius

158 425 392 482 praesentia
431 431 681 481 posceretur,
723 430 772 469 ut
813 424 936 468 certis
977 438 1026 468 ae
1066 424 1258 467 dilucidis
1303 427 1643 480 responsioiibus
1675 427 1739 470 uel

159 490 320 534 astutia
353 490 531 534 hominis
562 492 630 534 uel
665 490 864 534 eorrectio
907 490 1173 534 dilucesceret
1214 497 1256 534 et
1298 492 1400 535 nulli
1442 493 1638 549 ambigua
1680 507 1739 535 re-

157 562 358 609 maneret,
375 571 417 600 se
432 557 644 601 subtraxit
658 562 701 600 et
714 556 885 614 negauit
899 557 1092 600 examini.
1113 570 1185 600 izec
1199 558 1476 601 differendum
1493 559 1575 601 iam
1590 559 1739 611 fuerat,

158 622 265 666 sicut
304 623 463 666 factum
503 628 580 674 est,
621 624 734 680 quod
771 622 861 666 aliis
900 623 1128 679 prodesset,
1169 623 1201 665 si
1242 624 1414 667 nimium
1455 638 1738 680 peruersorum

159 688 411 745 pertinaciae
438 690 752 745 dementiaeque
779 702 860 732 non
887 694 1038 745 posset.
1069 689 1140 731 sed
1167 689 1200 731 si
1226 715 1278 720 —
1305 691 1416 745 quod
1443 691 1574 733 absit!
1602 717 1655 721 —
1680 691 1741 734 ita

158 761 259 798 tunc
283 755 430 798 fuisset
455 756 505 798 de
530 755 731 799 Caelestio
756 755 823 798 uel
846 754 1012 811 Pelagio
1038 754 1080 797 in
1105 768 1277 807 romana
1302 756 1471 799 ecclesia
1496 757 1739 808 iudicatum,

158 826 206 863 ut
229 821 300 863 illa
321 834 461 864 eorum
485 822 696 877 dogmata,
720 835 825 877 quae
848 821 890 863 in
914 821 1013 877 ipsis
1036 826 1078 863 et
1101 835 1195 864 cum
1219 821 1317 877 ipsis
1341 836 1450 878 papa
1475 823 1740 866 Innocentius

160 887 448 938 damnauerat,
471 887 744 943 adprobanda
764 893 807 930 et
827 888 1008 930 tenenda
1027 888 1410 943 pronuntiarentur,
1432 902 1483 930 ex
1504 890 1579 932 hoc
1602 888 1739 944 potius

158 959 266 996 esset
298 953 665 1008 praeuaricationis
698 958 800 996 nota
840 954 1020 996 romanis
1054 953 1208 996 clericis
1243 954 1456 997 inurenda.
1502 969 1611 998 nunc
1645 969 1740 998 uero

157 1032 251 1061 cum
279 1018 472 1074 primitus
499 1019 727 1062 beatissimi
754 1032 886 1075 papae
910 1020 1139 1062 Innocentii
1167 1019 1330 1063 litterae
1358 1021 1644 1077 episcoporum
1673 1021 1739 1063 lit-

157 1085 255 1128 teris
287 1085 573 1140 respondentis
616 1086 800 1128 afrorum
830 1086 986 1141 pariter
1016 1087 1127 1128 hunc
1156 1099 1347 1137 errorem,
1380 1099 1503 1142 quem
1535 1092 1740 1130 conantur

158 1150 227 1193 isti
256 1151 514 1206 persuadere,
546 1151 852 1203 damnauerint,
884 1165 1092 1194 successor
1122 1165 1286 1208 quoque
1317 1153 1403 1195 eius
1433 1159 1602 1196 sanetus
1632 1167 1741 1209 papa

157 1216 344 1259 Zosimus
374 1217 450 1258 hoc
480 1218 705 1260 tenendum
736 1231 836 1268 esse,
868 1218 980 1273 quod
1011 1217 1078 1260 isti
1109 1219 1159 1260 de
1189 1218 1372 1273 paruulis
1404 1219 1603 1270 sentiunt,
1625 1233 1739 1261 num-

158 1296 284 1338 quam
321 1282 486 1334 dixerit,
523 1297 752 1339 numquam
790 1283 1011 1338 scripserit,
1049 1284 1216 1339 insuper
1250 1284 1377 1326 etiam
1414 1285 1660 1327 (aelestium
1699 1300 1740 1327 se

158 1361 332 1405 purgare
356 1348 594 1391 molientem
619 1350 673 1392 ad
697 1349 1039 1392 consentiendum
1063 1363 1190 1406 supra
1212 1350 1334 1392 dietis
1358 1350 1465 1393 sedis
1489 1352 1741 1406 apostolicae

157 1414 307 1457 litteris
365 1414 509 1457 erebra
562 1414 878 1457 interlocutione
933 1415 1241 1467 constrinxerit,
1297 1416 1482 1472 profecto
1538 1417 1741 1473 quidquid

157 1479 315 1522 interea
339 1479 470 1522 lenius
496 1486 637 1523 actum
663 1486 726 1523 est
751 1494 845 1524 eum
870 1481 1071 1524 Caelestio
1099 1487 1264 1524 seruata
1289 1482 1513 1525 dumtaxat
1539 1482 1741 1538 antiquis-

156 1545 283 1588 simae
302 1550 345 1588 et
364 1546 676 1590 robustissimae
696 1546 794 1589 fidei
815 1547 1016 1590 firmitate
1036 1547 1300 1590 correctionis
1321 1547 1402 1591 fuit
1421 1548 1739 1591 clementissima

157 1611 307 1663 suasio,
329 1625 411 1654 non
442 1612 690 1668 adprobatio
719 1612 1012 1656 exitiosissima
1038 1613 1273 1668 prauitatis.
1303 1619 1345 1656 et
1374 1615 1486 1669 quod
1515 1615 1567 1657 ab
1597 1615 1741 1657 eodem

157 1678 369 1720 sacerdote
410 1685 558 1733 postea
586 1678 812 1721 Caelestius
853 1684 896 1721 et
935 1679 1127 1735 Pelagius
1169 1680 1348 1735 repetita
1388 1681 1639 1723 auctoritate
1671 1681 1742 1723 da-

156 1743 290 1786 mnati
311 1749 423 1794 sunt,
447 1744 663 1799 paululum
696 1745 954 1788 intermissae
986 1745 1069 1788 iarn
1092 1746 1320 1788 necessario
1344 1746 1612 1801 proferendae
1634 1746 1741 1788 ratio

157 1808 393 1851 seueritatis
413 1809 508 1861 fuit,
539 1824 621 1852 non
643 1810 947 1865 praeuaricatio
967 1811 1081 1865 prius
1112 1811 1302 1866 cognitae
1333 1812 1397 1853 uel
1428 1825 1538 1854 noua
1557 1811 1739 1867 cognitio

159 1874 363 1917 ueritatis.
432 1867 450 1932 Ξ
617 1870 632 1874 “

267 1952 336 1994 IV.
363 1953 400 1994 6.
436 1952 516 1995 Sed
538 1953 639 2008 quid
660 1966 762 2008 opus
785 1958 847 1995 est
870 1966 943 1994 nos
966 1953 1016 1995 de
1037 1954 1114 1996 hac
1136 1967 1176 1995 re
1199 1954 1403 2008 loquendo
1427 1954 1581 1996 diutius
1605 1954 1737 1995 inmo·

156 2017 251 2068 rari,
269 2030 363 2059 cum
383 2023 529 2060 extent
548 2018 644 2061 hinc
663 2024 790 2073 atque
810 2018 904 2061 inde
922 2024 1039 2074 gesta
1059 2024 1100 2061 et
1121 2018 1275 2074 scripta
1294 2019 1465 2069 directa,
1486 2019 1556 2061 ubi
1578 2019 1737 2074 possint

158 2088 310 2125 cuncta
320 2082 390 2125 illa
402 2084 753 2138 quemadmodum
764 2090 861 2126 aeta
871 2084 954 2126 sint
966 2085 1031 2127 uel
1043 2085 1231 2140 cognosci
1245 2085 1307 2127 uel
1328 2085 1590 2140 recognosci?
1612 2085 1737 2127 inter-

261 2244 275 2277 l
295 2242 345 2289 se]
363 2254 466 2290 saepe
476 2245 507 2279 F
624 2243 828 2279 innocencie
843 2245 873 2279 B
991 2246 1011 2280 2
1028 2244 1257 2290 responderat
1272 2245 1346 2289 ipse
1359 2246 1390 2281 D
1482 2245 1503 2279 3
1524 2244 1696 2280 delucidis
1709 2244 1736 2277 Γ

158 2305 177 2338 4
203 2302 348 2339 nullaF
446 2304 467 2338 5
493 2315 528 2339 se
540 2306 597 2340 00
696 2303 852 2339 exanimi
869 2305 898 2340 0
923 2304 982 2348 (ex
1006 2303 1083 2346 s.l.;
1108 2305 1149 2340 in
1173 2316 1239 2351 my.
1265 2304 1276 2340 l
1302 2303 1430 2348 amini)
1525 2305 1546 2338 6
1574 2311 1691 2350 posset
1713 2306 1741 2337 (”

157 2362 376 2408 prodesseto
391 2364 478 2407 (sset
494 2362 621 2409 alanz)
699 2365 717 2399 7
734 2363 898 2410 prodesse
915 2374 985 2399 non
1004 2365 1160 2410 possetF
1240 2364 1270 2399 si
1286 2363 1394 2410 quod]
1414 2357 1501 2399 siEV
1563 2368 1585 2399 8
1601 2375 1693 2399 nunc
1710 2366 1741 2400 D

160 2422 182 2457 9
199 2425 240 2457 ut
253 2425 358 2460 mn.D
440 2422 498 2458 illa
515 2425 610 2461 om.O
688 2423 913 2460 innocencius
924 2423 954 2457 V
1046 2425 1085 2458 10
1104 2423 1275 2469 potuisset
1289 2426 1320 2461 D
1412 2425 1448 2458 11
1471 2423 1644 2458 inurauda
1654 2424 1738 2459 Oml

156 2481 294 2519 inuriD
374 2482 416 2517 12
434 2485 508 2529 post
523 2482 689 2528 primitus
705 2494 789 2519 eras.
808 2483 852 2519 iis
865 2485 896 2519 B
991 2484 1031 2518 13
1048 2483 1298 2528 respondentes
1306 2483 1428 2520 Omzl)
1445 2483 1696 2529 respondendis
1712 2485 1742 2518 B

159 2542 200 2577 14
219 2540 483 2578 damnauerunt
493 2542 556 2578 EF
630 2554 747 2579 succes
758 2542 842 2579 Gm1
927 2543 967 2577 15
979 2541 1132 2580 zozimus
1147 2544 1178 2578 B
1259 2544 1299 2577 16
1317 2542 1496 2579 celestium
1515 2546 1659 2588 (semper
1675 2544 1742 2586 lere

158 2611 177 2636 e
194 2612 255 2647 pro
271 2603 366 2645 ae)0
423 2603 463 2637 17
481 2601 743 2649 supradietan
810 2604 850 2639 18
867 2602 1094 2639 constrixerit
1108 2602 1135 2637 V
1154 2603 1397 2639 constrinserit
1413 2604 1442 2638 B
1497 2601 1666 2647 quicquid
1682 2602 1742 2637 BC

161 2661 204 2696 19
220 2660 438 2697 dumtauxat
451 2663 482 2698 B
579 2662 622 2698 20
639 2661 913 2699 robustistisime
926 2663 958 2699 B
1047 2662 1216 2699 correctio
1231 2664 1262 2698 Β
1351 2662 1637 2698 clementissima«
1653 2658 1739 2697 OmZ

157 2719 199 2756 21
211 2720 566 2767 suasio—prauitatis
577 2723 706 2759 om.OB
744 2721 1016 2759 exitiosissime
1027 2721 1091 2758 EF
1135 2722 1177 2757 22
1194 2721 1324 2768 repetit
1336 2721 1365 2755 V
1415 2722 1457 2756 23
1474 2721 1741 2757 intermisisset)

158 2779 203 2816 24
219 2791 280 2817 seu
295 2780 462 2818 ueritatis
473 2782 492 2817 b
552 2782 594 2817 27
611 2781 765 2817 existent
778 2781 808 2815 V
872 2782 914 2818 28
931 2781 990 2817 illa
999 2781 1161 2817 om.OBC
1222 2780 1537 2827 quemammodum
1550 2782 1579 2816 C

230 2850 294 2879 Lx.
316 2850 439 2885 ,tm-t.
457 2850 532 2880 VIII
555 2859 621 2887 pm
640 2851 663 2880 1.
684 2850 763 2881 Vrbs
781 2854 812 2880 et
830 2852 936 2886 zyohn.
1621 2853 1664 2887 30
