2028 3204
180 915 221 946 10

177 1255 216 1285 15

173 1583 216 1613 2⁰

171 1911 213 1941 25

830 190 916 227 libor
948 190 1005 226 111
1037 192 1070 233 4,
1099 191 1199 231 5—5.
1231 191 1251 226 7
1749 181 1827 224 365

250 320 406 365 mento,
431 315 502 357 sed
528 320 669 358 tamen
694 315 746 358 de
770 328 847 359 sua
869 320 1022 359 natura
1045 315 1247 358 mutabile
1272 315 1428 371 aliquid
1456 315 1520 358 uel
1546 315 1726 370 proferre
1752 316 1830 363 uel.

250 381 361 436 quod
393 385 456 423 est
485 381 615 436 peius,
647 387 867 437 tamquam
895 381 958 424 sui
990 381 1123 436 operis
1152 381 1345 424 materies
1375 381 1462 436 ipse
1491 381 1559 431 sit,
1591 381 1735 424 faeere.
1785 388 1832 425 ut

250 459 345 501 ergo
362 445 546 501 aliquam
563 447 615 488 de
632 452 774 489 nostro
792 446 896 489 flatu
915 447 968 489 ad
985 446 1093 489 hane
1110 459 1194 489 rem
1212 446 1484 489 adhibeamus
1502 446 1829 498 similitudinem,

254 512 294 554 id
317 511 456 567 potius
479 517 541 554 est
564 512 829 563 credendum,
854 513 979 568 quod,
1003 512 1110 555 sicut
1132 525 1206 554 nos
1229 526 1310 554 non
1333 512 1384 554 de
1407 517 1559 555 natura
1581 517 1736 563 nostra,
1758 514 1828 555 sed

254 577 351 633 quia
366 577 673 633 omnipotentes
689 591 769 620 non
785 591 941 629 sumus,
957 578 1008 620 de
1023 578 1105 620 isto
1118 591 1210 620 aere
1225 578 1472 620 circumfuso
1488 591 1610 633 quem
1626 578 1830 621 trahimus

250 649 291 685 et
318 643 545 694 reddimuS‚
573 657 667 686 cum
693 643 900 699 spiramus
925 649 966 686 et
993 643 1255 699 respiramus,
1284 643 1432 686 flatum
1462 644 1635 685 facimus
1662 645 1830 699 quando

248 708 470 763 sufflamus
489 722 564 751 nec
582 708 796 752 uiuentem
815 722 890 752 nec
906 709 1170 760 sentientem,
1191 709 1383 765 quamuis
1402 723 1475 751 nos
1494 709 1685 751 uiuamus
1703 716 1830 765 atque

247 774 490 824 sentiamus,
520 774 582 817 ita
610 775 734 818 deum
765 788 847 817 non
876 775 928 817 de
954 788 1032 818 sua
1059 780 1224 826 natura,
1253 775 1324 817 sed
1356 775 1453 830 quia
1481 775 1538 816 sic
1568 775 1829 830 omnipotens

250 845 326 890 est,
353 846 400 882 ut
425 840 555 895 possit
581 853 717 883 creare
743 841 853 896 quod
881 840 986 891 uult,
1013 841 1140 883 etiam
1166 854 1216 883 ex
1241 854 1288 882 eo
1314 841 1425 896 quod
1452 840 1619 882 omnino
1645 854 1727 882 non
1753 847 1828 886 est.

250 905 289 947 id
311 911 373 948 est
394 906 445 948 de
465 905 606 953 nihilo.
629 905 778 948 flatum
800 906 934 949 faeere
954 919 1073 961 posse
1094 907 1306 949 uiuentem
1327 912 1455 961 atque
1474 906 1737 955 sentientem,
1758 907 1827 948 sed

247 971 369 1026 plane
398 984 492 1014 cum
522 972 576 1013 sit
608 971 868 1014 inmutabilis
897 972 984 1027 ipse
1012 972 1271 1014 mutabilem.

357 1048 404 1091 V.
436 1050 469 1091 7.
505 1049 613 1099 Quid
640 1054 781 1092 autem
808 1050 885 1092 sibi
912 1049 1016 1100 uult,
1045 1050 1156 1105 quod
1183 1050 1278 1092 huic
1302 1049 1563 1092 similitudini
1590 1050 1828 1091 addendum

249 1114 407 1169 putasti
434 1115 484 1157 ad
514 1115 749 1170 exemplum
776 1116 827 1157 de
853 1115 976 1158 beato
1003 1115 1181 1166 heliseo,
1210 1116 1307 1170 quia
1334 1115 1475 1157 flando
1501 1115 1542 1157 in
1569 1115 1655 1157 eius
1681 1115 1827 1157 faciem

246 1185 463 1223 mortuum>
481 1181 778 1223 suseitauerit?
817 1181 931 1224 itane
954 1187 1001 1224 tu
1024 1181 1174 1224 flatum
1199 1181 1352 1223 Helisei
1376 1181 1534 1223 factum
1559 1180 1682 1222 fuisse
1705 1186 1828 1236 putas

246 1245 429 1288 animam
459 1246 607 1301 pueri?
652 1260 734 1289 non
765 1259 895 1302 usque
924 1247 1027 1289 adeo
1056 1252 1099 1289 te
1128 1261 1153 1289 a
1181 1260 1277 1289 uero
1308 1246 1542 1288 exorbitare
1570 1246 1825 1288 crediderim.

247 1311 278 1352 si
305 1324 398 1363 ergo
424 1312 565 1354 anima
588 1311 672 1362 illa,
699 1325 806 1367 quae
831 1312 990 1355 uiuenti
1016 1312 1159 1355 ablata
1183 1312 1319 1354 fuerat
1344 1317 1391 1354 ut
1416 1317 1656 1358 moreretur,
1684 1313 1827 1354 eadem

249 1376 338 1431 ipsa
356 1376 413 1418 illi
433 1382 479 1419 ut
498 1377 769 1420 reuiuesceret
787 1378 950 1420 reddita
969 1383 1043 1429 est,
1064 1378 1163 1433 quid
1182 1378 1233 1420 ad
1254 1391 1338 1420 rem
1357 1378 1536 1433 pertinet
1556 1378 1666 1432 quod
1685 1378 1827 1420 dixisti

254 1442 368 1484 ‘nihil
382 1442 547 1485 Heliseo
566 1443 690 1486 fuisse
708 1443 1000 1494 deminutum‘,
1024 1444 1140 1499 quasi
1159 1443 1314 1499 aliquid
1335 1443 1387 1486 ab
1405 1443 1473 1485 illo
1492 1443 1699 1489 transisse.
1720 1444 1828 1485 unde

246 1508 417 1554 uiueret.
446 1509 642 1551 credatur
668 1509 709 1551 in
736 1509 942 1564 puerum?
995 1510 1106 1564 quod
1133 1509 1167 1551 si
1193 1514 1414 1564 propterea
1439 1509 1598 1551 dictum
1626 1514 1701 1559 est,
1730 1509 1828 1564 quia

246 1573 367 1616 flauit
390 1580 431 1616 et
454 1574 612 1627 integer
633 1575 799 1622 mansit,
824 1575 923 1630 quid
948 1588 1050 1630 opus
1073 1579 1162 1617 erat
1184 1580 1231 1617 ut
1254 1575 1331 1616 hoe
1352 1575 1404 1616 de
1427 1574 1591 1616 Helisco
1614 1579 1825 1616 mortuum

247 1639 519 1682 resuscitante
546 1640 714 1688 diceres,
743 1641 854 1696 quod
880 1641 934 1684 ele
962 1641 1109 1696 quouis
1137 1640 1267 1683 flante
1295 1646 1336 1682 et
1364 1641 1570 1682 neminem
1597 1640 1827 1682 suscitante

242 1704 376 1747 dicere
405 1705 673 1748 nihilominus
701 1706 872 1761 posses?
918 1706 1083 1748 incaute
1111 1719 1210 1748 sane
1239 1706 1401 1749 locutus
1430 1719 1472 1747 es
1499 1731 1552 1735 —
1579 1719 1672 1748 cuni
1702 1705 1825 1751 absit.

244 1775 291 1812 ut
307 1771 450 1813 eredas
468 1771 618 1814 flatum
633 1771 787 1814 Helisei
805 1772 964 1814 factum
977 1772 1102 1814 fuisse
1120 1772 1412 1814 reuiueseentis
1430 1772 1614 1814 animam
1634 1772 1747 1827 pueri
1762 1796 1824 1821 —‚

243 1836 354 1890 quod
391 1837 571 1891 primum
607 1837 673 1879 dei
708 1837 869 1880 factum
905 1837 958 1880 ab
994 1837 1113 1880 istius
1148 1838 1377 1893 prophetae
1412 1837 1524 1879 facto
1560 1837 1637 1878 hoe
1672 1837 1826 1879 distare

244 1901 427 1948 uoluisti.
455 1903 566 1958 quod
594 1902 660 1944 ille
684 1903 823 1953 semel,
852 1903 928 1945 iste
954 1908 1018 1945 ter
1044 1902 1220 1945 flauerit.
1264 1903 1406 1944 dixisti
1433 1902 1587 1957 quippe
1616 1902 1824 1944 lleliseum

243 1966 283 2008 in
307 1967 454 2010 faciem
478 1968 665 2010 defuncti
689 1967 764 2009 filii
786 1968 894 2010 illius
919 1968 1147 2010 Sunamitis
1170 1969 1222 2010 ad
1248 1968 1379 2010 instar
1400 1968 1637 2022 primaeuae
1660 1968 1824 2021 originis

340 2150 380 2186 13
398 2151 442 2186 cf.
465 2150 513 2185 IV
532 2152 641 2197 Regu.
661 2152 692 2192 4,
709 2152 764 2186 34.
783 2151 826 2186 35
919 2152 961 2186 18
980 2151 1079 2187 Vinc.
1099 2151 1221 2187 Victor

336 2271 357 2305 4
375 2273 498 2306 nostra
513 2282 576 2306 cm.
589 2270 624 2305 H
718 2270 777 2305 sed
795 2281 859 2305 om.
871 2270 890 2305 b
982 2269 1004 2304 5
1020 2270 1155 2315 quaeH
1242 2271 1261 2305 7
1278 2269 1444 2305 sentitem
1463 2272 1493 2305 A
1587 2271 1608 2305 8
1624 2270 1744 2315 itaque
1760 2270 1820 2304 ΒΡ

247 2339 267 2363 0
284 2329 345 2364 sed
356 2329 386 2365 C
459 2331 501 2365 10
517 2329 663 2376 flatum]
682 2330 818 2365 factum
834 2330 865 2364 E
951 2331 991 2365 11
1010 2330 1219 2365 mutabilem
1237 2330 1322 2365 lacit
1338 2330 1452 2365 BCEI
1458 2331 1487 2365 T
1510 2330 1681 2366 mutabile
1699 2329 1786 2365 facit
1802 2330 1820 2364 b

254 2389 300 2424 12
326 2388 394 2425 sibi
410 2390 490 2425 uult
505 2401 569 2426 om.
585 2389 616 2424 B
720 2389 816 2436 quod
833 2389 878 2425 ad
896 2389 988 2425 hano
1002 2389 1271 2426 similitudinem
1287 2389 1398 2436 (quod
1418 2390 1463 2425 ad
1479 2390 1518 2425 in
1531 2401 1596 2436 my.
1612 2390 1689 2425 add.
1703 2389 1821 2433 m1)H

245 2447 482 2484 similitudine
499 2451 530 2484 A
579 2450 622 2485 13
636 2449 784 2486 helisaeo
795 2451 826 2484 A
885 2450 926 2485 14
943 2449 1179 2485 sustaueritA
1234 2449 1359 2485 helisei
1374 2452 1414 2485 tu
1430 2449 1559 2485 flatum
1572 2450 1602 2484 Ε
1655 2453 1696 2483 tu
1712 2460 1774 2484 cm.
1792 2449 1821 2483 B

250 2507 430 2543 helisseiA
550 2508 656 2545 fuisse
674 2510 810 2545 factum
824 2509 855 2544 Ε
969 2509 1103 2546 factum
1120 2508 1207 2545 emh
1316 2509 1450 2556 putaH
1567 2510 1606 2544 15
1622 2519 1643 2543 a
1659 2519 1722 2543 om.
1738 2508 1819 2542 BCI

248 2566 387 2604 exemit
405 2569 483 2603 reA
542 2569 581 2604 17
599 2568 827 2605 reuiuisceret
840 2568 984 2604 BEITd
1039 2570 1083 2606 18
1097 2568 1316 2605 diminutum
1327 2569 1458 2604 DEIbd
1514 2569 1559 2604 ab
1575 2567 1638 2603 illo
1653 2566 1787 2613 aliquid
1798 2567 1821 2601 d

246 2626 436 2664 transisset
447 2628 498 2663 Eb
587 2629 630 2665 19
640 2628 760 2665 uiuere
771 2629 789 2665 b
873 2629 917 2664 20
933 2626 1079 2664 helisseo
1097 2630 1129 2664 A
1146 2629 1273 2665 elisaeo
1283 2627 1339 2664 DI
1344 2629 1398 2664 Τά
1479 2629 1518 2664 21
1539 2626 1776 2663 resuscitando
1790 2626 1821 2661 B

244 2696 316 2732 quo
327 2686 360 2723 T
431 2687 473 2724 22
490 2688 660 2735 loquutus
675 2690 707 2724 A
778 2689 822 2725 23
837 2687 1079 2725 reuiuesoents
1092 2689 1121 2724 C
1142 2687 1375 2725 reuiuiscente
1386 2687 1458 2723 Blb
1477 2686 1720 2723 reuiuiscentis
1734 2686 1821 2721 BEa

245 2745 481 2784 uiuisoentem
496 2747 528 2784 T
642 2750 685 2786 25
709 2747 1008 2785 dixisti—taciem
1027 2759 1092 2784 cm.
1112 2748 1149 2784 Η
1219 2784 1224 2788 ,
1259 2747 1300 2783 26
1325 2747 1412 2783 facie
1435 2747 1466 2782 Τ
1578 2746 1643 2781 lilii
1665 2757 1728 2781 om.
1751 2745 1818 2781 ΕΗ

246 2805 474 2843 somsmtisA
489 2807 695 2846 sunamittis
714 2808 744 2844 B
758 2807 944 2845 sunamitis
955 2808 1019 2844 C'D
1039 2807 1213 2845 sonanitis
1225 2806 1261 2842 H
1277 2807 1314 2851 (u
1332 2818 1358 2843 s.
1379 2807 1416 2850 ο)
1488 2805 1663 2853 prim-sue
1681 2805 1716 2841 Η
