2002 3256
812 290 1120 327 Praefatio.
1645 279 1754 322 XIX

176 405 439 462 publicatum
459 405 613 449 librum
635 405 688 447 de
711 403 860 459 spiritu
889 407 931 445 et
958 402 1100 445 littera
1123 403 1324 453 continet,
1350 403 1481 445 codex
1507 402 1571 445 uel
1594 403 1754 445 codices

176 472 248 528 qui
280 471 460 515 adhibiti
494 474 592 514 sunt
624 483 738 513 more
762 474 864 512 tunc
895 469 949 512 ab
974 469 1204 511 editoribus
1240 473 1440 523 usurpato
1469 468 1622 523 signati
1655 468 1753 518 sint,

176 542 345 581 tantum
364 541 561 580 accurata
582 536 791 579 uariarum
813 535 1039 577 lectionum
1060 534 1369 577 examinatione
1389 534 1628 576 coniectura
1647 547 1757 576 asse·

176 604 356 660 quimur,
381 603 436 646 ad
460 615 638 659 quorum
662 602 853 645 codicum
877 601 1119 654 testimonia
1142 600 1399 653 singulorum
1424 613 1596 654 operum
1622 600 1754 641 oratio

175 670 324 712 reficta
363 669 430 712 sit.
484 674 612 724 atque
662 668 704 710 in
741 667 925 710 editione
962 666 1295 709 Amerbacliiana
1332 666 1494 708 codices
1531 666 1755 708 deteriores

177 736 327 779 ascitos
351 748 439 777 esse
462 748 483 776 e
507 734 754 777 lectionibus
777 738 965 788 apparet.
1010 733 1051 775 in
1078 746 1200 788 opere
1225 732 1287 773 De
1309 737 1575 787 peccatorum
1597 731 1756 773 meritis

177 815 210 844 e.
236 814 294 857 gr.
325 814 421 844 cum
444 800 574 843 classe
599 799 781 843 LSVPG
805 799 940 842 facere
963 798 1116 850 solent;
1145 798 1210 841 hic
1237 797 1319 839 illic
1346 811 1438 840 cum
1471 797 1602 839 altera
1627 797 1756 839 classe

177 867 432 910 conueniunt
464 866 534 921 (ef.
570 880 662 922 pag.
696 866 761 917 56,
794 865 849 920 4),
885 869 931 908 ut
964 865 1149 907 conicere
1180 864 1304 906 liceat
1336 876 1404 905 eos
1434 863 1591 905 mixtae
1618 876 1756 905 recen-

177 933 302 976 sionis
330 933 469 976 suisse.
513 932 556 974 in
583 932 698 974 libris
725 932 882 974 Contra
909 931 1013 973 duas
1042 929 1241 985 epistulas
1266 929 1583 985 Pelagianomm
1608 929 1628 971 b
1658 928 1757 971 locis
1798 934 1809 945 ‘

177 998 406 1052 insignibus
430 998 668 1054 saepissime.
691 1011 786 1040 cum
804 997 844 1039 D
865 996 1075 1052 conspirat
1093 996 1162 1051 (cf.
1183 996 1274 1047 499,
1295 997 1357 1038 23.
1380 995 1471 1046 502,
1493 996 1556 1037 24.
1579 994 1642 1037 25.
1663 995 1755 1045 503,

177 1066 240 1108 22.
265 1066 329 1108 23.
355 1065 418 1107 28.
443 1065 534 1115 507,
559 1066 595 1106 4.
620 1063 712 1115 513,
737 1065 773 1106 2.
799 1063 891 1114 524,
915 1062 978 1106 25.
1003 1063 1095 1114 526,
1121 1064 1145 1105 4
1168 1062 1252 1117 al.).
1287 1074 1382 1103 cum
1406 1061 1447 1103 in
1472 1061 1550 1103 hac
1574 1060 1756 1103 editione

177 1131 340 1186 saepius
357 1130 399 1172 in
417 1130 602 1186 margine
618 1130 830 1173 uariantes
846 1129 1043 1171 lectiones
1061 1128 1234 1170 additae
1250 1127 1348 1178 sint,
1368 1127 1595 1182 quaeritur,
1615 1131 1755 1169 utrum

177 1197 314 1240 editor
338 1210 389 1238 ex
412 1195 494 1239 alio
520 1195 661 1238 codice
678 1195 905 1250 scriptura-s
924 1194 1121 1250 petiuerit
1138 1208 1191 1236 an
1210 1207 1285 1236 sua
1301 1193 1505 1249 figmenta
1522 1191 1754 1247 protulerit.

177 1266 306 1318 atque
327 1261 462 1305 multa
482 1262 777 1305 additamenta
797 1260 1043 1316 marginalia
1064 1259 1267 1302 eiusmodi
1291 1263 1402 1310 sunt,
1426 1263 1472 1301 ut
1496 1258 1757 1301 coniecturae

178 1333 326 1384 suapte
349 1331 497 1383 sponte
521 1331 748 1370 nascantur
772 1326 888 1370 uelut
911 1328 976 1377 31,
1000 1327 1061 1368 13.
1088 1327 1153 1376 49,
1176 1326 1239 1368 25.
1265 1327 1330 1376 81,
1353 1324 1416 1367 25.
1443 1326 1507 1376 90,
1531 1325 1592 1366 17.
1618 1325 1710 1374 321,
1731 1324 1757 1366 3

178 1394 246 1445 al.,
279 1394 363 1437 alia
393 1394 471 1436 nisi
504 1393 646 1436 codice
674 1393 755 1435 alio
779 1392 967 1447 inspecto
992 1391 1088 1433 oriri
1111 1405 1195 1433 non
1219 1390 1434 1446 potuerint
1459 1403 1492 1432 e.
1517 1403 1575 1445 gr.
1600 1390 1666 1440 39,
1691 1390 1754 1431 20.

178 1462 243 1511 48,
267 1461 304 1503 8.
331 1461 395 1511 71,
421 1460 482 1502 19.
508 1460 599 1511 339,
624 1459 661 1501 5.
686 1459 779 1510 510,
806 1460 840 1501 1.
866 1458 958 1509 537,
983 1459 1007 1500 2
1031 1456 1084 1500 al.
1111 1457 1240 1499 editio
1266 1456 1456 1512 princeps
1482 1455 1670 1511 opusc-uli
1694 1455 1757 1497 De

179 1525 328 1581 spiritu
367 1529 409 1568 et
439 1524 582 1567 littera
621 1524 818 1567 lectiones
858 1523 1074 1566 deterioris
1112 1522 1253 1565 classis
1293 1522 1476 1573 exhibet,
1514 1521 1758 1577 plerumque

178 1605 274 1634 cum
307 1591 448 1634 codice
483 1590 521 1632 P
551 1590 662 1633 illius
695 1590 837 1633 elassis
871 1589 1092 1632 consentit.

287 1657 458 1700 Prorsus
502 1655 584 1699 alia
627 1655 814 1699 condicio
859 1660 922 1698 est
968 1654 1279 1698 editionis
1320 1653 1759 1696 Benedictino-

179 1736 314 1775 rum,
356 1723 428 1779 qui
467 1723 521 1766 ad
559 1721 722 1775 singula
760 1721 918 1777 scripta
949 1724 1115 1777 praeter
1149 1719 1417 1763 Germanicos
1452 1718 1757 1762 uetustissimos

179 1789 444 1845 optimosque
477 1788 721 1844 plerumque
751 1787 878 1830 libros
912 1800 1039 1830 manu
1070 1787 1245 1842 scriptos
1282 1785 1644 1841 inuestigauerunt
1673 1797 1758 1826 eos-

180 1868 260 1911 que
283 1858 375 1897 tam
393 1854 590 1897 distincte
609 1853 894 1909 signauerunt,
918 1857 964 1896 ut
985 1852 1271 1906 catalogorum
1295 1851 1462 1902 auxilio,
1486 1851 1520 1893 si
1544 1850 1651 1892 forte
1676 1863 1757 1892 non

180 1920 391 1976 perierint,
414 1933 482 1963 eos
505 1932 646 1963 eruere
670 1919 886 1976 possimus.
915 1923 1129 1975 praeterea
1154 1931 1298 1961 eorum
1318 1921 1548 1973 apparatus
1575 1916 1617 1958 in
1647 1915 1758 1958 eodi-

179 1986 297 2029 cibus
326 1985 522 2029 Parisinis
559 1989 711 2036 exstat,
750 1986 801 2028 de
838 1985 953 2028 cuius
985 1984 1123 2027 indole
1159 1985 1206 2026 R.
1243 1983 1414 2026 Kukula
1444 1981 1758 2030 diligentissime

180 2050 465 2107 ‹lisputauit¹),
490 2051 551 2094 ita
575 2055 622 2094 ut
644 2051 773 2093 etiam
797 2064 939 2093 eorum
961 2050 1152 2093 codicum
1175 2050 1246 2105 qui
1271 2055 1417 2105 postea
1439 2049 1648 2103 perierunt
1675 2047 1759 2088 edi-

180 2118 261 2160 tori
293 2117 520 2160 lectionum
553 2117 735 2159 uarietas
770 2121 936 2173 praesto
973 2117 1037 2158 sit.
1094 2116 1135 2158 in
1170 2119 1290 2157 textu
1326 2114 1602 2169 complurium
1636 2112 1758 2155 liuius

182 2183 404 2226 uoluminis
430 2196 603 2238 operum
628 2182 922 2225 constituendo
950 2182 1051 2224 mihi
1077 2181 1238 2224 occasio
1263 2181 1364 2223 data
1392 2185 1454 2221 est
1482 2178 1758 2221 institutionis

180 2248 290 2291 illius
324 2253 552 2304 apparatus
586 2248 908 2304 cognoscendae.
944 2249 996 2290 de
1027 2248 1170 2290 codice
1205 2246 1394 2289 Parisino
1426 2246 1581 2301 (Nouv.
1601 2244 1760 2295 Fonds)

183 2315 313 2357 11654
334 2315 437 2357 haec
457 2314 612 2357 addere
631 2314 767 2356 liceat.
800 2314 841 2355 in
867 2313 1004 2356 fronte
1025 2318 1222 2356 notatum
1246 2317 1308 2354 est
1333 2312 1402 2367 (ef.
1432 2325 1523 2367 pag.
1543 2310 1620 2365 Vl)
1645 2308 1696 2351 ad
1720 2309 1760 2349 5⁶

180 2379 280 2431 Ms.‚
307 2393 402 2422 cum
427 2384 520 2422 octo
546 2379 790 2422 afferantur.
835 2379 1020 2422 codicem
1045 2383 1244 2421 octauum
1267 2377 1512 2433 (sigiranni)
1535 2376 1661 2425 Vrba,
1688 2375 1758 2429 qui

182 2445 322 2488 omnia
347 2445 448 2489 folia
475 2449 668 2488 accurate
695 2445 926 2500 descripsit,
958 2445 1137 2488 adnotat
1163 2448 1308 2499 postea
1332 2443 1478 2485 ceteris
1510 2442 1758 2484 adiunctum

182 2511 327 2554 uideri.
361 2525 468 2567 quae
501 2511 678 2567 suspicio
711 2524 758 2554 eo
784 2510 1046 2554 uerisimilior
1069 2510 1134 2561 fit,
1164 2510 1276 2565 quod
1302 2522 1496 2551 numerus
1522 2506 1674 2549 codicis
1699 2506 1759 2561 (8)

180 2576 317 2620 tribus
348 2576 448 2620 locis
482 2581 557 2636 aut
590 2589 715 2632 supra-
748 2581 823 2619 aut
855 2575 965 2619 infra
996 2576 1151 2618 lineam
1177 2575 1413 2630 adscriptus
1439 2578 1515 2620 est,
1543 2572 1634 2615 aliis
1660 2571 1758 2613 locis

182 2655 391 2698 nusquam
412 2641 576 2698 legitur.
614 2655 749 2698 neque
773 2642 965 2685 codicum
985 2643 1011 2685 6
1033 2647 1075 2684 et
1098 2643 1121 2685 7
1144 2641 1229 2684 ulla
1252 2639 1471 2695 singularis
1494 2638 1617 2680 lectio
1644 2650 1759 2692 prae-

183 2707 317 2751 betur.
358 2707 525 2751 collatio
555 2707 747 2751 codicum
769 2707 1070 2751 vaticanorum
1099 2707 1154 2750 ad
1184 2711 1415 2749 tractatum
1442 2705 1503 2746 I)e
1532 2708 1684 2745 natura
1717 2707 1758 2742 et

284 2847 315 2899 ι)
349 2853 418 2889 Die
443 2853 630 2889 Maur-incr
659 2851 815 2899 Ausqabe
850 2852 906 2887 des
937 2851 1164 2897 Auyustinus.
1221 2848 1544 2895 Sitzungsberiehte
1581 2847 1641 2881 der
1671 2845 1757 2881 kais.

183 2910 379 2948 Akademie
399 2911 461 2949 der
483 2911 794 2949 wissenschaften.
828 2910 933 2948 Band
956 2911 1032 2954 138,
1053 2911 1097 2947 34
1120 2910 1160 2946 ff.

1643 2976 1685 3010 1)*
