<?xml version="1.0" encoding="UTF-8"?>
<!DOCTYPE html PUBLIC "-//W3C//DTD XHTML 1.0 Transitional//EN"
    "http://www.w3.org/TR/xhtml1/DTD/xhtml1-transitional.dtd">
<html xmlns="http://www.w3.org/1999/xhtml" xml:lang="en" lang="en">
 <head>
  <title>
</title>
<meta http-equiv="Content-Type" content="text/html;charset=utf-8" />
  <meta name='ocr-system' content='tesseract 3.04.00' />
  <meta name='ocr-capabilities' content='ocr_page ocr_carea ocr_par ocr_line ocrx_word'/>
</head>
<body>
  <div class='ocr_page' id='page_1' title='image "./corpusscriptorum60auguuoft_0237.png"; bbox 0 0 1976 3210; ppageno 0'>
   <div class='ocr_carea' id='block_1_1' title="bbox 195 619 212 646">
    <p class='ocr_par' dir='ltr' id='par_1_1' title="bbox 195 619 212 646">
     <span class='ocr_line' id='line_1_1' title="bbox 195 619 212 646; baseline 0 0"><span class='ocrx_word' id='word_1_1' title='bbox 195 619 212 646; x_wconf 85' lang='lat'>5</span> 
     </span>
    </p>
   </div>
   <div class='ocr_carea' id='block_1_2' title="bbox 175 1275 210 1304">
    <p class='ocr_par' dir='ltr' id='par_1_2' title="bbox 175 1275 210 1304">
     <span class='ocr_line' id='line_1_2' title="bbox 175 1275 210 1304; baseline 0.029 -1"><span class='ocrx_word' id='word_1_2' title='bbox 175 1275 210 1304; x_wconf 72' lang='lat'><strong>15</strong></span> 
     </span>
    </p>
   </div>
   <div class='ocr_carea' id='block_1_3' title="bbox 170 1605 211 1633">
    <p class='ocr_par' dir='ltr' id='par_1_3' title="bbox 170 1605 211 1633">
     <span class='ocr_line' id='line_1_3' title="bbox 170 1605 211 1633; baseline -0.049 0"><span class='ocrx_word' id='word_1_3' title='bbox 170 1605 211 1633; x_wconf 83' lang='lat'><strong>20</strong></span> 
     </span>
    </p>
   </div>
   <div class='ocr_carea' id='block_1_4' title="bbox 95 2589 200 2634">
    <p class='ocr_par' dir='ltr' id='par_1_4' title="bbox 95 2589 200 2634">
     <span class='ocr_line' id='line_1_4' title="bbox 95 2589 200 2634; baseline -0.01 -9"><span class='ocrx_word' id='word_1_4' title='bbox 95 2589 161 2634; x_wconf 68' lang='lat' dir='ltr'><strong>aas.</strong></span> <span class='ocrx_word' id='word_1_5' title='bbox 171 2590 200 2624; x_wconf 83' lang='lat' dir='ltr'><em>L</em></span> 
     </span>
    </p>
   </div>
   <div class='ocr_carea' id='block_1_5' title="bbox 0 678 106 3210">
    <p class='ocr_par' dir='ltr' id='par_1_5' title="bbox 0 678 106 3210">
     <span class='ocr_line' id='line_1_5' title="bbox 0 678 106 3210; baseline 0 0"><span class='ocrx_word' id='word_1_6' title='bbox 0 678 106 3210; x_wconf 95' lang='lat' dir='ltr'><strong> </strong></span> 
     </span>
    </p>
   </div>
   <div class='ocr_carea' id='block_1_6' title="bbox 867 202 1814 261">
    <p class='ocr_par' dir='ltr' id='par_1_6' title="bbox 867 202 1814 261">
     <span class='ocr_line' id='line_1_6' title="bbox 867 202 1814 261; baseline -0.005 -12"><span class='ocrx_word' id='word_1_7' title='bbox 867 223 942 261; x_wconf 75' lang='lat' dir='ltr'><strong>cap.</strong></span> <span class='ocrx_word' id='word_1_8' title='bbox 976 214 1031 254; x_wconf 86' lang='lat'><strong>29,</strong></span> <span class='ocrx_word' id='word_1_9' title='bbox 1062 213 1193 249; x_wconf 40' lang='lat'><strong>5041</strong></span> <span class='ocrx_word' id='word_1_10' title='bbox 1730 202 1814 244; x_wconf 81' lang='lat'><strong>207</strong></span> 
     </span>
    </p>
   </div>
   <div class='ocr_carea' id='block_1_7' title="bbox 242 338 1817 921">
    <p class='ocr_par' dir='ltr' id='par_1_7' title="bbox 245 338 1816 516">
     <span class='ocr_line' id='line_1_7' title="bbox 245 338 1815 395; baseline -0.003 -11"><span class='ocrx_word' id='word_1_11' title='bbox 245 341 313 385; x_wconf 90' lang='lat' dir='ltr'><strong>illo</strong></span> <span class='ocrx_word' id='word_1_12' title='bbox 350 342 654 384; x_wconf 84' lang='lat' dir='ltr'><strong>incrementum</strong></span> <span class='ocrx_word' id='word_1_13' title='bbox 690 339 944 384; x_wconf 78' lang='lat' dir='ltr'><strong>intrinsecus</strong></span> <span class='ocrx_word' id='word_1_14' title='bbox 975 341 1108 382; x_wconf 84' lang='lat' dir='ltr'><strong>danto</strong></span> <span class='ocrx_word' id='word_1_15' title='bbox 1137 339 1296 395; x_wconf 82' lang='lat' dir='ltr'><strong>ope-rari</strong></span> <span class='ocrx_word' id='word_1_16' title='bbox 1333 339 1553 382; x_wconf 80' lang='lat' dir='ltr'><strong>iustitiam.</strong></span> <span class='ocrx_word' id='word_1_17' title='bbox 1598 338 1648 381; x_wconf 86' lang='lat' dir='ltr'><strong>de</strong></span> <span class='ocrx_word' id='word_1_18' title='bbox 1701 339 1815 381; x_wconf 78' lang='lat' dir='ltr'><strong>cuius</strong></span> 
     </span>
     <span class='ocr_line' id='line_1_8' title="bbox 245 404 1816 463; baseline -0.001 -15"><span class='ocrx_word' id='word_1_19' title='bbox 245 406 436 463; x_wconf 82' lang='lat' dir='ltr'><strong>oporibus</strong></span> <span class='ocrx_word' id='word_1_20' title='bbox 467 406 594 450; x_wconf 80' lang='lat' dir='ltr'><strong>etiam</strong></span> <span class='ocrx_word' id='word_1_21' title='bbox 626 406 713 461; x_wconf 84' lang='lat' dir='ltr'><strong>ipso</strong></span> <span class='ocrx_word' id='word_1_22' title='bbox 744 406 862 456; x_wconf 82' lang='lat' dir='ltr'>dixit,</span> <span class='ocrx_word' id='word_1_23' title='bbox 895 406 993 462; x_wconf 86' lang='lat' dir='ltr'><strong>quia</strong></span> <span class='ocrx_word' id='word_1_24' title='bbox 1034 420 1051 447; x_wconf 96' lang='lat' dir='ltr'><strong>s</strong></span> <span class='ocrx_word' id='word_1_25' title='bbox 1072 405 1127 448; x_wconf 92' lang='lat' dir='ltr'><strong>in</strong></span> <span class='ocrx_word' id='word_1_26' title='bbox 1148 420 1169 447; x_wconf 85' lang='lat' dir='ltr'><strong>e</strong></span> <span class='ocrx_word' id='word_1_27' title='bbox 1215 419 1255 447; x_wconf 93' lang='lat' dir='ltr'><strong>m</strong></span> <span class='ocrx_word' id='word_1_28' title='bbox 1277 420 1298 446; x_wconf 95' lang='lat' dir='ltr'><strong>e</strong></span> <span class='ocrx_word' id='word_1_29' title='bbox 1338 404 1437 447; x_wconf 85' lang='lat' dir='ltr'><strong>nih</strong></span> <span class='ocrx_word' id='word_1_30' title='bbox 1457 404 1495 447; x_wconf 91' lang='lat' dir='ltr'><strong>il</strong></span> <span class='ocrx_word' id='word_1_31' title='bbox 1540 411 1715 460; x_wconf 79' lang='lat' dir='ltr'><strong>potes</strong></span> <span class='ocrx_word' id='word_1_32' title='bbox 1734 412 1751 447; x_wconf 90' lang='lat' dir='ltr'><strong>t</strong></span> <span class='ocrx_word' id='word_1_33' title='bbox 1772 404 1816 446; x_wconf 82' lang='lat' dir='ltr'><strong>is</strong></span> 
     </span>
     <span class='ocr_line' id='line_1_9' title="bbox 245 474 467 516; baseline -0.005 0"><span class='ocrx_word' id='word_1_34' title='bbox 245 474 467 516; x_wconf 55' lang='lat' dir='ltr'><strong>facero</strong></span> 
     </span>
    </p>

    <p class='ocr_par' dir='ltr' id='par_1_8' title="bbox 242 536 1817 921">
     <span class='ocr_line' id='line_1_10' title="bbox 349 536 1817 594; baseline -0.002 -13"><span class='ocrx_word' id='word_1_35' title='bbox 349 538 410 582; x_wconf 79' lang='lat'><strong>51.</strong></span> <span class='ocrx_word' id='word_1_36' title='bbox 451 538 548 581; x_wconf 84' lang='lat' dir='ltr'><strong>Ideo</strong></span> <span class='ocrx_word' id='word_1_37' title='bbox 585 537 740 594; x_wconf 84' lang='lat' dir='ltr'><strong>quippo</strong></span> <span class='ocrx_word' id='word_1_38' title='bbox 779 537 1027 592; x_wconf 84' lang='lat' dir='ltr'>proponitur</span> <span class='ocrx_word' id='word_1_39' title='bbox 1067 537 1229 579; x_wconf 86' lang='lat' dir='ltr'><strong>iustitia</strong></span> <span class='ocrx_word' id='word_1_40' title='bbox 1262 536 1377 591; x_wconf 79' lang='lat' dir='ltr'><strong>legis,</strong></span> <span class='ocrx_word' id='word_1_41' title='bbox 1424 537 1533 593; x_wconf 87' lang='lat' dir='ltr'><strong>quod</strong></span> <span class='ocrx_word' id='word_1_42' title='bbox 1567 537 1637 592; x_wconf 86' lang='lat' dir='ltr'><strong>qui</strong></span> <span class='ocrx_word' id='word_1_43' title='bbox 1672 536 1817 579; x_wconf 79' lang='lat' dir='ltr'><strong>fecerit</strong></span> 
     </span>
     <span class='ocr_line' id='line_1_11' title="bbox 242 602 1814 659; baseline -0.002 -12"><span class='ocrx_word' id='word_1_44' title='bbox 242 619 345 655; x_wconf 81' lang='lat' dir='ltr'><strong>eam,</strong></span> <span class='ocrx_word' id='word_1_45' title='bbox 377 604 489 647; x_wconf 88' lang='lat' dir='ltr'><strong>uiuet</strong></span> <span class='ocrx_word' id='word_1_46' title='bbox 512 604 552 646; x_wconf 90' lang='lat' dir='ltr'><strong>in</strong></span> <span class='ocrx_word' id='word_1_47' title='bbox 580 603 662 656; x_wconf 85' lang='lat' dir='ltr'><strong>illa,</strong></span> <span class='ocrx_word' id='word_1_48' title='bbox 688 609 733 646; x_wconf 90' lang='lat' dir='ltr'><strong>ut</strong></span> <span class='ocrx_word' id='word_1_49' title='bbox 761 617 854 646; x_wconf 87' lang='lat' dir='ltr'><strong>cum</strong></span> <span class='ocrx_word' id='word_1_50' title='bbox 879 603 1052 659; x_wconf 86' lang='lat' dir='ltr'><strong>quisquo</strong></span> <span class='ocrx_word' id='word_1_51' title='bbox 1080 602 1374 646; x_wconf 69' lang='lat' dir='ltr'><strong>infirmitatem</strong></span> <span class='ocrx_word' id='word_1_52' title='bbox 1413 617 1531 645; x_wconf 78' lang='lat' dir='ltr'><strong>suam</strong></span> <span class='ocrx_word' id='word_1_53' title='bbox 1562 602 1814 658; x_wconf 84' lang='lat' dir='ltr'><strong>cognouerit,</strong></span> 
     </span>
     <span class='ocr_line' id='line_1_12' title="bbox 243 667 1815 726; baseline -0.002 -13"><span class='ocrx_word' id='word_1_54' title='bbox 243 684 326 713; x_wconf 92' lang='lat' dir='ltr'><strong>non</strong></span> <span class='ocrx_word' id='word_1_55' title='bbox 349 684 419 726; x_wconf 78' lang='lat' dir='ltr'><strong>per</strong></span> <span class='ocrx_word' id='word_1_56' title='bbox 441 684 538 712; x_wconf 83' lang='lat' dir='ltr'><strong>suas</strong></span> <span class='ocrx_word' id='word_1_57' title='bbox 563 670 668 712; x_wconf 88' lang='lat' dir='ltr'><strong>uires</strong></span> <span class='ocrx_word' id='word_1_58' title='bbox 690 682 823 725; x_wconf 82' lang='lat' dir='ltr'><strong>neque</strong></span> <span class='ocrx_word' id='word_1_59' title='bbox 858 683 929 724; x_wconf 88' lang='lat' dir='ltr'><strong>per</strong></span> <span class='ocrx_word' id='word_1_60' title='bbox 958 669 1141 711; x_wconf 74' lang='lat' dir='ltr'><strong>litteram</strong></span> <span class='ocrx_word' id='word_1_61' title='bbox 1168 668 1297 723; x_wconf 88' lang='lat' dir='ltr'><strong>ipsius</strong></span> <span class='ocrx_word' id='word_1_62' title='bbox 1322 667 1431 723; x_wconf 81' lang='lat' dir='ltr'><strong>legis,</strong></span> <span class='ocrx_word' id='word_1_63' title='bbox 1466 669 1579 724; x_wconf 89' lang='lat' dir='ltr'><strong>quod</strong></span> <span class='ocrx_word' id='word_1_64' title='bbox 1613 668 1704 710; x_wconf 82' lang='lat' dir='ltr'><strong>fieri</strong></span> <span class='ocrx_word' id='word_1_65' title='bbox 1733 682 1815 710; x_wconf 90' lang='lat' dir='ltr'><strong>non</strong></span> 
     </span>
     <span class='ocr_line' id='line_1_13' title="bbox 244 734 1817 791; baseline -0.002 -13"><span class='ocrx_word' id='word_1_66' title='bbox 244 741 396 791; x_wconf 75' lang='lat' dir='ltr'><strong>potest,</strong></span> <span class='ocrx_word' id='word_1_67' title='bbox 432 736 502 778; x_wconf 82' lang='lat' dir='ltr'><strong>sed</strong></span> <span class='ocrx_word' id='word_1_68' title='bbox 535 749 603 791; x_wconf 85' lang='lat' dir='ltr'><strong>per</strong></span> <span class='ocrx_word' id='word_1_69' title='bbox 630 735 754 778; x_wconf 79' lang='lat' dir='ltr'><strong>fidem</strong></span> <span class='ocrx_word' id='word_1_70' title='bbox 781 735 1008 778; x_wconf 68' lang='lat' dir='ltr'><strong>concilians</strong></span> <span class='ocrx_word' id='word_1_71' title='bbox 1034 734 1356 777; x_wconf 68' lang='lat' dir='ltr'><strong>justificatorem</strong></span> <span class='ocrx_word' id='word_1_72' title='bbox 1384 735 1600 789; x_wconf 86' lang='lat' dir='ltr'><strong>perueniat</strong></span> <span class='ocrx_word' id='word_1_73' title='bbox 1621 740 1663 776; x_wconf 89' lang='lat' dir='ltr'><strong>et</strong></span> <span class='ocrx_word' id='word_1_74' title='bbox 1687 734 1817 776; x_wconf 80' lang='lat' dir='ltr'><strong>faeiat</strong></span> 
     </span>
     <span class='ocr_line' id='line_1_14' title="bbox 247 800 1816 856; baseline -0.001 -12"><span class='ocrx_word' id='word_1_75' title='bbox 247 807 290 844; x_wconf 78' lang='lat' dir='ltr'><strong>et</strong></span> <span class='ocrx_word' id='word_1_76' title='bbox 320 802 436 844; x_wconf 82' lang='lat' dir='ltr'><strong>uiuat</strong></span> <span class='ocrx_word' id='word_1_77' title='bbox 472 802 513 844; x_wconf 92' lang='lat' dir='ltr'><strong>in</strong></span> <span class='ocrx_word' id='word_1_78' title='bbox 546 816 607 845; x_wconf 78' lang='lat' dir='ltr'><strong>ea.</strong></span> <span class='ocrx_word' id='word_1_79' title='bbox 646 815 750 856; x_wconf 86' lang='lat' dir='ltr'><strong>opus</strong></span> <span class='ocrx_word' id='word_1_80' title='bbox 787 801 910 852; x_wconf 77' lang='lat' dir='ltr'><strong>enim,</strong></span> <span class='ocrx_word' id='word_1_81' title='bbox 958 801 1070 856; x_wconf 91' lang='lat' dir='ltr'><strong>quod</strong></span> <span class='ocrx_word' id='word_1_82' title='bbox 1107 801 1176 856; x_wconf 92' lang='lat' dir='ltr'><strong>qui</strong></span> <span class='ocrx_word' id='word_1_83' title='bbox 1211 800 1357 843; x_wconf 82' lang='lat' dir='ltr'><strong>fecerit</strong></span> <span class='ocrx_word' id='word_1_84' title='bbox 1398 801 1514 842; x_wconf 88' lang='lat' dir='ltr'><strong>uiuet</strong></span> <span class='ocrx_word' id='word_1_85' title='bbox 1556 801 1598 843; x_wconf 92' lang='lat' dir='ltr'><strong>in</strong></span> <span class='ocrx_word' id='word_1_86' title='bbox 1637 815 1697 851; x_wconf 79' lang='lat' dir='ltr'><strong>oo,</strong></span> <span class='ocrx_word' id='word_1_87' title='bbox 1732 814 1816 842; x_wconf 90' lang='lat' dir='ltr'><strong>non</strong></span> 
     </span>
     <span class='ocr_line' id='line_1_15' title="bbox 243 865 1817 921; baseline -0.003 -11"><span class='ocrx_word' id='word_1_88' title='bbox 243 869 293 910; x_wconf 80' lang='lat' dir='ltr'><strong>fit</strong></span> <span class='ocrx_word' id='word_1_89' title='bbox 321 868 401 911; x_wconf 91' lang='lat' dir='ltr'><strong>nisi</strong></span> <span class='ocrx_word' id='word_1_90' title='bbox 434 882 458 910; x_wconf 85' lang='lat' dir='ltr'>a</span> <span class='ocrx_word' id='word_1_91' title='bbox 491 867 732 910; x_wconf 84' lang='lat' dir='ltr'><strong>iustificato.</strong></span> <span class='ocrx_word' id='word_1_92' title='bbox 768 867 1013 909; x_wconf 80' lang='lat' dir='ltr'><strong>iustificatio</strong></span> <span class='ocrx_word' id='word_1_93' title='bbox 1056 872 1201 909; x_wconf 85' lang='lat' dir='ltr'><strong>autem</strong></span> <span class='ocrx_word' id='word_1_94' title='bbox 1249 881 1298 908; x_wconf 88' lang='lat' dir='ltr'><strong>ex</strong></span> <span class='ocrx_word' id='word_1_95' title='bbox 1338 866 1420 909; x_wconf 82' lang='lat' dir='ltr'><strong>fide</strong></span> <span class='ocrx_word' id='word_1_96' title='bbox 1470 867 1720 921; x_wconf 80' lang='lat' dir='ltr'><strong>inpetratur.</strong></span> <span class='ocrx_word' id='word_1_97' title='bbox 1763 865 1817 907; x_wconf 77' lang='lat' dir='ltr'><strong>(le</strong></span> 
     </span>
    </p>
   </div>
   <div class='ocr_carea' id='block_1_8' title="bbox 175 932 1817 989">
    <p class='ocr_par' dir='ltr' id='par_1_9' title="bbox 175 932 1817 989">
     <span class='ocr_line' id='line_1_16' title="bbox 175 932 1817 989; baseline -0.001 -15"><span class='ocrx_word' id='word_1_98' title='bbox 175 946 213 974; x_wconf 73' lang='lat' dir='ltr'><strong>no</strong></span> <span class='ocrx_word' id='word_1_99' title='bbox 242 947 325 989; x_wconf 82' lang='lat' dir='ltr'><strong>qua</strong></span> <span class='ocrx_word' id='word_1_100' title='bbox 370 933 575 988; x_wconf 86' lang='lat' dir='ltr'><strong>scriptum</strong></span> <span class='ocrx_word' id='word_1_101' title='bbox 624 938 704 976; x_wconf 83' lang='lat' dir='ltr'><strong>cst:</strong></span> <span class='ocrx_word' id='word_1_102' title='bbox 764 947 829 975; x_wconf 92' lang='lat' dir='ltr'><strong>ne</strong></span> <span class='ocrx_word' id='word_1_103' title='bbox 880 933 1121 974; x_wconf 74' lang='lat' dir='ltr'><strong>dixeris</strong></span> <span class='ocrx_word' id='word_1_104' title='bbox 1170 933 1226 974; x_wconf 90' lang='lat' dir='ltr'><strong>in</strong></span> <span class='ocrx_word' id='word_1_105' title='bbox 1277 932 1458 974; x_wconf 78' lang='lat' dir='ltr'><strong>eorde</strong></span> <span class='ocrx_word' id='word_1_106' title='bbox 1506 939 1628 975; x_wconf 88' lang='lat' dir='ltr'><strong>tuo:</strong></span> <span class='ocrx_word' id='word_1_107' title='bbox 1683 932 1817 987; x_wconf 85' lang='lat' dir='ltr'><strong>quis</strong></span> 
     </span>
    </p>
   </div>
   <div class='ocr_carea' id='block_1_9' title="bbox 241 997 1818 1911">
    <p class='ocr_par' dir='ltr' id='par_1_10' title="bbox 241 997 1818 1911">
     <span class='ocr_line' id='line_1_17' title="bbox 243 997 1818 1042; baseline -0.003 0"><span class='ocrx_word' id='word_1_108' title='bbox 243 999 541 1042; x_wconf 76' lang='lat' dir='ltr'><strong>ascendit</strong></span> <span class='ocrx_word' id='word_1_109' title='bbox 585 999 640 1042; x_wconf 93' lang='lat' dir='ltr'><strong>in</strong></span> <span class='ocrx_word' id='word_1_110' title='bbox 684 998 958 1042; x_wconf 73' lang='lat' dir='ltr'><strong>caelum?</strong></span> <span class='ocrx_word' id='word_1_111' title='bbox 1009 998 1119 1040; x_wconf 80' lang='lat' dir='ltr'><strong>hoc</strong></span> <span class='ocrx_word' id='word_1_112' title='bbox 1161 1004 1254 1040; x_wconf 88' lang='lat' dir='ltr'><strong>est</strong></span> <span class='ocrx_word' id='word_1_113' title='bbox 1287 997 1603 1041; x_wconf 70' lang='lat' dir='ltr'><strong>(lhristum</strong></span> <span class='ocrx_word' id='word_1_114' title='bbox 1640 998 1752 1039; x_wconf 86' lang='lat' dir='ltr'><strong>ded</strong></span> <span class='ocrx_word' id='word_1_115' title='bbox 1775 1011 1818 1038; x_wconf 93' lang='lat' dir='ltr'><strong>u—</strong></span> 
     </span>
     <span class='ocr_line' id='line_1_18' title="bbox 246 1064 1817 1122; baseline -0.002 -14"><span class='ocrx_word' id='word_1_116' title='bbox 246 1079 392 1115; x_wconf 80' lang='lat' dir='ltr'><strong>cere,</strong></span> <span class='ocrx_word' id='word_1_117' title='bbox 430 1070 552 1108; x_wconf 81' lang='lat' dir='ltr'><strong>aut:</strong></span> <span class='ocrx_word' id='word_1_118' title='bbox 588 1065 722 1122; x_wconf 87' lang='lat' dir='ltr'><strong>quis</strong></span> <span class='ocrx_word' id='word_1_119' title='bbox 756 1064 1092 1107; x_wconf 81' lang='lat' dir='ltr'><strong>deseendit</strong></span> <span class='ocrx_word' id='word_1_120' title='bbox 1127 1064 1180 1108; x_wconf 92' lang='lat' dir='ltr'><strong>in</strong></span> <span class='ocrx_word' id='word_1_121' title='bbox 1214 1064 1534 1119; x_wconf 82' lang='lat' dir='ltr'><strong>abyssum?</strong></span> <span class='ocrx_word' id='word_1_122' title='bbox 1574 1064 1686 1106; x_wconf 91' lang='lat' dir='ltr'><strong>hoc</strong></span> <span class='ocrx_word' id='word_1_123' title='bbox 1725 1071 1817 1105; x_wconf 78' lang='lat' dir='ltr'><strong>est</strong></span> 
     </span>
     <span class='ocr_line' id='line_1_19' title="bbox 242 1129 1815 1185; baseline -0.001 -12"><span class='ocrx_word' id='word_1_124' title='bbox 242 1130 554 1174; x_wconf 77' lang='lat' dir='ltr'><strong>Christum</strong></span> <span class='ocrx_word' id='word_1_125' title='bbox 587 1144 612 1172; x_wconf 87' lang='lat' dir='ltr'><strong>a</strong></span> <span class='ocrx_word' id='word_1_126' title='bbox 640 1131 906 1173; x_wconf 86' lang='lat' dir='ltr'><strong>mortuis</strong></span> <span class='ocrx_word' id='word_1_127' title='bbox 944 1130 1088 1173; x_wconf 89' lang='lat' dir='ltr'><strong>redu</strong></span> <span class='ocrx_word' id='word_1_128' title='bbox 1111 1144 1261 1172; x_wconf 76' lang='lat' dir='ltr'><strong>cero.</strong></span> <span class='ocrx_word' id='word_1_129' title='bbox 1305 1130 1406 1172; x_wconf 88' lang='lat' dir='ltr'><strong>sed</strong></span> <span class='ocrx_word' id='word_1_130' title='bbox 1439 1130 1582 1185; x_wconf 87' lang='lat' dir='ltr'><strong>quid</strong></span> <span class='ocrx_word' id='word_1_131' title='bbox 1616 1129 1815 1172; x_wconf 74' lang='lat' dir='ltr'><strong>dicit?</strong></span> 
     </span>
     <span class='ocr_line' id='line_1_20' title="bbox 244 1195 1818 1252; baseline -0.001 -14"><span class='ocrx_word' id='word_1_132' title='bbox 244 1210 428 1252; x_wconf 81' lang='lat' dir='ltr'><strong>prope</strong></span> <span class='ocrx_word' id='word_1_133' title='bbox 471 1202 528 1240; x_wconf 81' lang='lat' dir='ltr'><strong>tc</strong></span> <span class='ocrx_word' id='word_1_134' title='bbox 578 1202 671 1240; x_wconf 86' lang='lat' dir='ltr'><strong>cst</strong></span> <span class='ocrx_word' id='word_1_135' title='bbox 719 1196 980 1246; x_wconf 75' lang='lat' dir='ltr'><strong>uerbum,</strong></span> <span class='ocrx_word' id='word_1_136' title='bbox 1033 1196 1232 1238; x_wconf 88' lang='lat' dir='ltr'><strong>inore</strong></span> <span class='ocrx_word' id='word_1_137' title='bbox 1279 1201 1383 1238; x_wconf 90' lang='lat' dir='ltr'><strong>tuo</strong></span> <span class='ocrx_word' id='word_1_138' title='bbox 1431 1203 1488 1238; x_wconf 90' lang='lat' dir='ltr'><strong>et</strong></span> <span class='ocrx_word' id='word_1_139' title='bbox 1535 1196 1588 1238; x_wconf 91' lang='lat' dir='ltr'><strong>in</strong></span> <span class='ocrx_word' id='word_1_140' title='bbox 1636 1195 1818 1238; x_wconf 85' lang='lat' dir='ltr'><strong>corde.</strong></span> 
     </span>
     <span class='ocr_line' id='line_1_21' title="bbox 241 1261 1818 1318; baseline -0.002 -13"><span class='ocrx_word' id='word_1_141' title='bbox 241 1268 358 1306; x_wconf 85' lang='lat' dir='ltr'><strong>tuo.</strong></span> <span class='ocrx_word' id='word_1_142' title='bbox 420 1262 488 1304; x_wconf 87' lang='lat' dir='ltr'><strong>ho</strong></span> <span class='ocrx_word' id='word_1_143' title='bbox 511 1278 531 1305; x_wconf 88' lang='lat' dir='ltr'><strong>c</strong></span> <span class='ocrx_word' id='word_1_144' title='bbox 570 1269 674 1308; x_wconf 81' lang='lat' dir='ltr'><strong>est.</strong></span> <span class='ocrx_word' id='word_1_145' title='bbox 722 1262 872 1318; x_wconf 80' lang='lat' dir='ltr'><strong>inquit.</strong></span> <span class='ocrx_word' id='word_1_146' title='bbox 917 1262 1058 1304; x_wconf 83' lang='lat' dir='ltr'><strong>ucrb</strong></span> <span class='ocrx_word' id='word_1_147' title='bbox 1079 1276 1162 1304; x_wconf 89' lang='lat' dir='ltr'><strong>um</strong></span> <span class='ocrx_word' id='word_1_148' title='bbox 1197 1262 1354 1304; x_wconf 81' lang='lat' dir='ltr'><strong>fidei</strong></span> <span class='ocrx_word' id='word_1_149' title='bbox 1391 1263 1545 1317; x_wconf 86' lang='lat' dir='ltr'><strong>quod</strong></span> <span class='ocrx_word' id='word_1_150' title='bbox 1587 1261 1767 1317; x_wconf 79' lang='lat' dir='ltr'><strong>praed</strong></span> <span class='ocrx_word' id='word_1_151' title='bbox 1790 1262 1818 1302; x_wconf 90' lang='lat' dir='ltr'><strong>i-</strong></span> 
     </span>
     <span class='ocr_line' id='line_1_22' title="bbox 245 1328 1818 1384; baseline -0.001 -13"><span class='ocrx_word' id='word_1_152' title='bbox 245 1343 458 1375; x_wconf 83' lang='lat' dir='ltr'><strong>camus,</strong></span> <span class='ocrx_word' id='word_1_153' title='bbox 512 1329 653 1384; x_wconf 70' lang='lat' dir='ltr'><strong>quia</strong></span> <span class='ocrx_word' id='word_1_154' title='bbox 699 1328 750 1370; x_wconf 79' lang='lat' dir='ltr'><strong>si</strong></span> <span class='ocrx_word' id='word_1_155' title='bbox 797 1328 1194 1370; x_wconf 60' lang='lat' dir='ltr'><strong>confitearis·</strong></span> <span class='ocrx_word' id='word_1_156' title='bbox 1244 1328 1298 1369; x_wconf 93' lang='lat' dir='ltr'><strong>in</strong></span> <span class='ocrx_word' id='word_1_157' title='bbox 1359 1342 1455 1370; x_wconf 89' lang='lat' dir='ltr'><strong>ore</strong></span> <span class='ocrx_word' id='word_1_158' title='bbox 1515 1336 1628 1378; x_wconf 83' lang='lat' dir='ltr'><strong>tuo,</strong></span> <span class='ocrx_word' id='word_1_159' title='bbox 1676 1328 1818 1383; x_wconf 81' lang='lat' dir='ltr'><strong>quia</strong></span> 
     </span>
     <span class='ocr_line' id='line_1_23' title="bbox 242 1393 1815 1445; baseline -0.002 -8"><span class='ocrx_word' id='word_1_160' title='bbox 242 1394 526 1437; x_wconf 84' lang='lat' dir='ltr'><strong>dominus</strong></span> <span class='ocrx_word' id='word_1_161' title='bbox 556 1399 651 1437; x_wconf 84' lang='lat' dir='ltr'><strong>ost</strong></span> <span class='ocrx_word' id='word_1_162' title='bbox 683 1394 868 1445; x_wconf 76' lang='lat' dir='ltr'><strong>Iesus,</strong></span> <span class='ocrx_word' id='word_1_163' title='bbox 903 1400 959 1436; x_wconf 87' lang='lat' dir='ltr'><strong>et</strong></span> <span class='ocrx_word' id='word_1_164' title='bbox 993 1393 1351 1436; x_wconf 81' lang='lat' dir='ltr'><strong>credideris</strong></span> <span class='ocrx_word' id='word_1_165' title='bbox 1385 1394 1439 1436; x_wconf 90' lang='lat' dir='ltr'><strong>in</strong></span> <span class='ocrx_word' id='word_1_166' title='bbox 1476 1394 1661 1436; x_wconf 83' lang='lat' dir='ltr'><strong>corde</strong></span> <span class='ocrx_word' id='word_1_167' title='bbox 1698 1400 1815 1444; x_wconf 88' lang='lat' dir='ltr'><strong>tuo,</strong></span> 
     </span>
     <span class='ocr_line' id='line_1_24' title="bbox 243 1458 1817 1515; baseline -0.001 -13"><span class='ocrx_word' id='word_1_168' title='bbox 243 1460 387 1515; x_wconf 77' lang='lat' dir='ltr'><strong>quia</strong></span> <span class='ocrx_word' id='word_1_169' title='bbox 423 1460 568 1502; x_wconf 80' lang='lat' dir='ltr'><strong>(leus</strong></span> <span class='ocrx_word' id='word_1_170' title='bbox 607 1460 781 1502; x_wconf 90' lang='lat' dir='ltr'><strong>illum</strong></span> <span class='ocrx_word' id='word_1_171' title='bbox 821 1459 1179 1502; x_wconf 78' lang='lat' dir='ltr'><strong>suscitauit</strong></span> <span class='ocrx_word' id='word_1_172' title='bbox 1215 1474 1240 1502; x_wconf 74' lang='lat' dir='ltr'>a</span> <span class='ocrx_word' id='word_1_173' title='bbox 1271 1460 1550 1505; x_wconf 81' lang='lat' dir='ltr'><strong>mortuis,</strong></span> <span class='ocrx_word' id='word_1_174' title='bbox 1603 1458 1736 1502; x_wconf 80' lang='lat' dir='ltr'><strong>salu</strong></span> <span class='ocrx_word' id='word_1_175' title='bbox 1759 1474 1817 1501; x_wconf 81' lang='lat' dir='ltr'><strong>us</strong></span> 
     </span>
     <span class='ocr_line' id='line_1_25' title="bbox 243 1525 1815 1581; baseline 0 -15"><span class='ocrx_word' id='word_1_176' title='bbox 243 1542 263 1566; x_wconf 91' lang='lat' dir='ltr'><strong>e</strong></span> <span class='ocrx_word' id='word_1_177' title='bbox 282 1540 300 1568; x_wconf 90' lang='lat' dir='ltr'><strong>r</strong></span> <span class='ocrx_word' id='word_1_178' title='bbox 317 1526 376 1568; x_wconf 91' lang='lat' dir='ltr'><strong>is.</strong></span> <span class='ocrx_word' id='word_1_179' title='bbox 421 1526 462 1568; x_wconf 92' lang='lat' dir='ltr'><strong>in</strong></span> <span class='ocrx_word' id='word_1_180' title='bbox 498 1532 668 1568; x_wconf 84' lang='lat' dir='ltr'><strong>tantum</strong></span> <span class='ocrx_word' id='word_1_181' title='bbox 706 1525 850 1575; x_wconf 87' lang='lat' dir='ltr'><strong>iustus,</strong></span> <span class='ocrx_word' id='word_1_182' title='bbox 894 1526 933 1567; x_wconf 92' lang='lat' dir='ltr'><strong>in</strong></span> <span class='ocrx_word' id='word_1_183' title='bbox 976 1532 1182 1581; x_wconf 82' lang='lat' dir='ltr'><strong>quantum</strong></span> <span class='ocrx_word' id='word_1_184' title='bbox 1227 1525 1380 1567; x_wconf 84' lang='lat' dir='ltr'><strong>saluus.</strong></span> <span class='ocrx_word' id='word_1_185' title='bbox 1436 1539 1506 1580; x_wconf 81' lang='lat' dir='ltr'><strong>per</strong></span> <span class='ocrx_word' id='word_1_186' title='bbox 1551 1525 1661 1568; x_wconf 76' lang='lat' dir='ltr'><strong>hanc</strong></span> <span class='ocrx_word' id='word_1_187' title='bbox 1707 1526 1815 1568; x_wconf 80' lang='lat' dir='ltr'><strong>enim</strong></span> 
     </span>
     <span class='ocr_line' id='line_1_26' title="bbox 242 1591 1815 1647; baseline -0.001 -14"><span class='ocrx_word' id='word_1_188' title='bbox 242 1591 370 1634; x_wconf 85' lang='lat' dir='ltr'><strong>l&#39;idcm</strong></span> <span class='ocrx_word' id='word_1_189' title='bbox 402 1592 621 1643; x_wconf 79' lang='lat' dir='ltr'><strong>eredimus,</strong></span> <span class='ocrx_word' id='word_1_190' title='bbox 663 1591 773 1647; x_wconf 85' lang='lat' dir='ltr'><strong>quod</strong></span> <span class='ocrx_word' id='word_1_191' title='bbox 804 1591 931 1634; x_wconf 85' lang='lat' dir='ltr'><strong>ctiam</strong></span> <span class='ocrx_word' id='word_1_192' title='bbox 955 1605 1028 1634; x_wconf 90' lang='lat' dir='ltr'><strong>nos</strong></span> <span class='ocrx_word' id='word_1_193' title='bbox 1057 1591 1156 1633; x_wconf 83' lang='lat' dir='ltr'><strong>deus</strong></span> <span class='ocrx_word' id='word_1_194' title='bbox 1182 1606 1207 1634; x_wconf 87' lang='lat' dir='ltr'>a</span> <span class='ocrx_word' id='word_1_195' title='bbox 1233 1591 1407 1634; x_wconf 82' lang='lat' dir='ltr'><strong>mortuis</strong></span> <span class='ocrx_word' id='word_1_196' title='bbox 1436 1592 1611 1634; x_wconf 78' lang='lat' dir='ltr'><strong>excitet:</strong></span> <span class='ocrx_word' id='word_1_197' title='bbox 1649 1591 1815 1634; x_wconf 77' lang='lat' dir='ltr'><strong>interim</strong></span> 
     </span>
     <span class='ocr_line' id='line_1_27' title="bbox 241 1657 1818 1712; baseline 0.001 -14"><span class='ocrx_word' id='word_1_198' title='bbox 241 1657 402 1712; x_wconf 84' lang='lat' dir='ltr'><strong>spiritu,</strong></span> <span class='ocrx_word' id='word_1_199' title='bbox 438 1663 484 1700; x_wconf 92' lang='lat' dir='ltr'><strong>ut</strong></span> <span class='ocrx_word' id='word_1_200' title='bbox 519 1657 559 1699; x_wconf 89' lang='lat' dir='ltr'><strong>in</strong></span> <span class='ocrx_word' id='word_1_201' title='bbox 614 1657 807 1700; x_wconf 78' lang='lat' dir='ltr'><strong>nouitate</strong></span> <span class='ocrx_word' id='word_1_202' title='bbox 859 1657 945 1700; x_wconf 85' lang='lat' dir='ltr'><strong>cius</strong></span> <span class='ocrx_word' id='word_1_203' title='bbox 998 1657 1160 1712; x_wconf 78' lang='lat' dir='ltr'><strong>gratiae</strong></span> <span class='ocrx_word' id='word_1_204' title='bbox 1196 1663 1480 1712; x_wconf 83' lang='lat' dir='ltr'><strong>temperanter</strong></span> <span class='ocrx_word' id='word_1_205' title='bbox 1532 1663 1574 1699; x_wconf 90' lang='lat' dir='ltr'><strong>et</strong></span> <span class='ocrx_word' id='word_1_206' title='bbox 1629 1658 1733 1701; x_wconf 74' lang='lat' dir='ltr'><strong>iusto</strong></span> <span class='ocrx_word' id='word_1_207' title='bbox 1776 1664 1818 1699; x_wconf 83' lang='lat' dir='ltr'><strong>et</strong></span> 
     </span>
     <span class='ocr_line' id='line_1_28' title="bbox 244 1723 1817 1778; baseline 0.001 -14"><span class='ocrx_word' id='word_1_208' title='bbox 244 1723 308 1778; x_wconf 81' lang='lat' dir='ltr'><strong>pie</strong></span> <span class='ocrx_word' id='word_1_209' title='bbox 343 1724 531 1766; x_wconf 87' lang='lat' dir='ltr'><strong>uiuamus</strong></span> <span class='ocrx_word' id='word_1_210' title='bbox 562 1723 604 1765; x_wconf 94' lang='lat' dir='ltr'><strong>in</strong></span> <span class='ocrx_word' id='word_1_211' title='bbox 633 1723 714 1765; x_wconf 85' lang='lat' dir='ltr'><strong>hoc</strong></span> <span class='ocrx_word' id='word_1_212' title='bbox 744 1724 923 1774; x_wconf 82' lang='lat' dir='ltr'><strong>saeculo,</strong></span> <span class='ocrx_word' id='word_1_213' title='bbox 964 1729 1057 1778; x_wconf 83' lang='lat' dir='ltr'><strong>post</strong></span> <span class='ocrx_word' id='word_1_214' title='bbox 1088 1723 1215 1767; x_wconf 83' lang='lat' dir='ltr'><strong>ctiam</strong></span> <span class='ocrx_word' id='word_1_215' title='bbox 1248 1737 1370 1767; x_wconf 80' lang='lat' dir='ltr'><strong>carno</strong></span> <span class='ocrx_word' id='word_1_216' title='bbox 1403 1729 1548 1766; x_wconf 76' lang='lat' dir='ltr'><strong>nostra</strong></span> <span class='ocrx_word' id='word_1_217' title='bbox 1579 1724 1632 1765; x_wconf 67' lang='lat' dir='ltr'><strong>a]</strong></span> <span class='ocrx_word' id='word_1_218' title='bbox 1664 1724 1817 1766; x_wconf 86' lang='lat' dir='ltr'><strong>inmor-</strong></span> 
     </span>
     <span class='ocr_line' id='line_1_29' title="bbox 242 1789 1818 1846; baseline 0.001 -16"><span class='ocrx_word' id='word_1_219' title='bbox 242 1789 454 1831; x_wconf 79' lang='lat' dir='ltr'><strong>talitatem</strong></span> <span class='ocrx_word' id='word_1_220' title='bbox 474 1795 767 1839; x_wconf 79' lang='lat' dir='ltr'><strong>resurrectura,</strong></span> <span class='ocrx_word' id='word_1_221' title='bbox 794 1789 906 1845; x_wconf 87' lang='lat' dir='ltr'><strong>quod</strong></span> <span class='ocrx_word' id='word_1_222' title='bbox 931 1790 965 1831; x_wconf 93' lang='lat' dir='ltr'><strong>ei</strong></span> <span class='ocrx_word' id='word_1_223' title='bbox 998 1789 1193 1832; x_wconf 86' lang='lat' dir='ltr'><strong>meritum</strong></span> <span class='ocrx_word' id='word_1_224' title='bbox 1213 1789 1382 1844; x_wconf 85' lang='lat' dir='ltr'><strong>spiritus</strong></span> <span class='ocrx_word' id='word_1_225' title='bbox 1404 1790 1518 1840; x_wconf 77' lang='lat' dir='ltr'><strong>facit,</strong></span> <span class='ocrx_word' id='word_1_226' title='bbox 1548 1790 1620 1846; x_wconf 91' lang='lat' dir='ltr'><strong>qui</strong></span> <span class='ocrx_word' id='word_1_227' title='bbox 1650 1804 1740 1832; x_wconf 83' lang='lat' dir='ltr'><strong>eam</strong></span> <span class='ocrx_word' id='word_1_228' title='bbox 1777 1790 1818 1832; x_wconf 91' lang='lat' dir='ltr'><strong>in</strong></span> 
     </span>
     <span class='ocr_line' id='line_1_30' title="bbox 242 1855 1815 1911; baseline 0 -14"><span class='ocrx_word' id='word_1_229' title='bbox 242 1855 540 1898; x_wconf 74' lang='lat' dir='ltr'><strong>resurrectione</strong></span> <span class='ocrx_word' id='word_1_230' title='bbox 572 1855 650 1898; x_wconf 88' lang='lat' dir='ltr'><strong>sibi</strong></span> <span class='ocrx_word' id='word_1_231' title='bbox 689 1868 881 1910; x_wconf 82' lang='lat' dir='ltr'><strong>congrua,</strong></span> <span class='ocrx_word' id='word_1_232' title='bbox 921 1855 1000 1898; x_wconf 83' lang='lat' dir='ltr'><strong>hoc</strong></span> <span class='ocrx_word' id='word_1_233' title='bbox 1041 1861 1103 1897; x_wconf 79' lang='lat' dir='ltr'><strong>est</strong></span> <span class='ocrx_word' id='word_1_234' title='bbox 1136 1855 1177 1898; x_wconf 93' lang='lat' dir='ltr'><strong>in</strong></span> <span class='ocrx_word' id='word_1_235' title='bbox 1220 1855 1534 1906; x_wconf 85' lang='lat' dir='ltr'><strong>iustificatione,</strong></span> <span class='ocrx_word' id='word_1_236' title='bbox 1587 1856 1815 1911; x_wconf 79' lang='lat' dir='ltr'><strong>praecedit.</strong></span> 
     </span>
    </p>
   </div>
   <div class='ocr_carea' id='block_1_10' title="bbox 196 1921 1817 1977">
    <p class='ocr_par' dir='ltr' id='par_1_11' title="bbox 196 1921 1817 1977">
     <span class='ocr_line' id='line_1_31' title="bbox 196 1921 1817 1977; baseline 0 -14"><span class='ocrx_word' id='word_1_237' title='bbox 196 1933 206 1948; x_wconf 63' lang='lat'><strong>&gt;·</strong></span> <span class='ocrx_word' id='word_1_238' title='bbox 243 1921 607 1976; x_wconf 79' lang='lat' dir='ltr'><strong>consepulti</strong></span> <span class='ocrx_word' id='word_1_239' title='bbox 636 1921 790 1966; x_wconf 84' lang='lat' dir='ltr'><strong>enim</strong></span> <span class='ocrx_word' id='word_1_240' title='bbox 821 1935 1021 1963; x_wconf 88' lang='lat' dir='ltr'><strong>sumus</strong></span> <span class='ocrx_word' id='word_1_241' title='bbox 1052 1921 1271 1963; x_wconf 79' lang='lat' dir='ltr'><strong>Christo</strong></span> <span class='ocrx_word' id='word_1_242' title='bbox 1307 1935 1406 1976; x_wconf 70' lang='grc' dir='ltr'>μοι·</span> <span class='ocrx_word' id='word_1_243' title='bbox 1440 1921 1817 1977; x_wconf 84' lang='lat' dir='ltr'><strong>baptismum</strong></span> 
     </span>
    </p>
   </div>
   <div class='ocr_carea' id='block_1_11' title="bbox 242 1987 1818 2240">
    <p class='ocr_par' dir='ltr' id='par_1_12' title="bbox 242 1987 1818 2240">
     <span class='ocr_line' id='line_1_32' title="bbox 243 1987 1818 2043; baseline 0.001 -15"><span class='ocrx_word' id='word_1_244' title='bbox 243 1987 300 2029; x_wconf 90' lang='lat' dir='ltr'><strong>in</strong></span> <span class='ocrx_word' id='word_1_245' title='bbox 325 1992 592 2035; x_wconf 72' lang='lat' dir='ltr'><strong>mortem,</strong></span> <span class='ocrx_word' id='word_1_246' title='bbox 638 1993 699 2029; x_wconf 87' lang='lat' dir='ltr'><strong>ut</strong></span> <span class='ocrx_word' id='word_1_247' title='bbox 747 1987 1251 2043; x_wconf 79' lang='lat' dir='ltr'><strong>quomadmodum</strong></span> <span class='ocrx_word' id='word_1_248' title='bbox 1293 1987 1584 2029; x_wconf 77' lang='lat' dir='ltr'><strong>Christus</strong></span> <span class='ocrx_word' id='word_1_249' title='bbox 1627 2001 1818 2030; x_wconf 85' lang='lat' dir='ltr'><strong>resur-</strong></span> 
     </span>
     <span class='ocr_line' id='line_1_33' title="bbox 242 2052 1816 2108; baseline 0.001 -14"><span class='ocrx_word' id='word_1_250' title='bbox 242 2052 408 2094; x_wconf 74' lang='lat' dir='ltr'><strong>rexit</strong></span> <span class='ocrx_word' id='word_1_251' title='bbox 442 2067 467 2095; x_wconf 83' lang='lat' dir='ltr'><strong>a·</strong></span> <span class='ocrx_word' id='word_1_252' title='bbox 496 2052 762 2095; x_wconf 89' lang='lat' dir='ltr'><strong>mortuis</strong></span> <span class='ocrx_word' id='word_1_253' title='bbox 799 2066 898 2107; x_wconf 76' lang='lat' dir='ltr'><strong>por</strong></span> <span class='ocrx_word' id='word_1_254' title='bbox 932 2052 1195 2108; x_wconf 85' lang='lat' dir='ltr'><strong>gloriam</strong></span> <span class='ocrx_word' id='word_1_255' title='bbox 1231 2053 1447 2107; x_wconf 77' lang='lat' dir='ltr'><strong>patris,</strong></span> <span class='ocrx_word' id='word_1_256' title='bbox 1487 2053 1575 2095; x_wconf 86' lang='lat' dir='ltr'><strong>sic</strong></span> <span class='ocrx_word' id='word_1_257' title='bbox 1614 2060 1671 2095; x_wconf 83' lang='lat' dir='ltr'><strong>ct</strong></span> <span class='ocrx_word' id='word_1_258' title='bbox 1712 2067 1816 2095; x_wconf 87' lang='lat' dir='ltr'><strong>nos</strong></span> 
     </span>
     <span class='ocr_line' id='line_1_34' title="bbox 245 2118 1816 2174; baseline 0.001 -15"><span class='ocrx_word' id='word_1_259' title='bbox 245 2118 299 2160; x_wconf 90' lang='lat' dir='ltr'><strong>in</strong></span> <span class='ocrx_word' id='word_1_260' title='bbox 327 2132 356 2160; x_wconf 92' lang='lat' dir='ltr'><strong>n</strong></span> <span class='ocrx_word' id='word_1_261' title='bbox 374 2132 397 2160; x_wconf 91' lang='lat' dir='ltr'><strong>o</strong></span> <span class='ocrx_word' id='word_1_262' title='bbox 417 2131 441 2159; x_wconf 95' lang='lat' dir='ltr'><strong>u</strong></span> <span class='ocrx_word' id='word_1_263' title='bbox 461 2118 471 2159; x_wconf 96' lang='lat' dir='ltr'><strong>i</strong></span> <span class='ocrx_word' id='word_1_264' title='bbox 491 2123 507 2159; x_wconf 92' lang='lat' dir='ltr'><strong>t</strong></span> <span class='ocrx_word' id='word_1_265' title='bbox 525 2132 549 2159; x_wconf 83' lang='lat' dir='ltr'>a</span> <span class='ocrx_word' id='word_1_266' title='bbox 567 2124 585 2159; x_wconf 90' lang='lat' dir='ltr'><strong>t</strong></span> <span class='ocrx_word' id='word_1_267' title='bbox 601 2134 622 2160; x_wconf 80' lang='lat' dir='ltr'><strong>e</strong></span> <span class='ocrx_word' id='word_1_268' title='bbox 654 2132 679 2160; x_wconf 95' lang='lat' dir='ltr'><strong>u</strong></span> <span class='ocrx_word' id='word_1_269' title='bbox 697 2118 709 2160; x_wconf 94' lang='lat' dir='ltr'><strong>i</strong></span> <span class='ocrx_word' id='word_1_270' title='bbox 727 2122 744 2159; x_wconf 88' lang='lat' dir='ltr'><strong>t</strong></span> <span class='ocrx_word' id='word_1_271' title='bbox 763 2131 787 2160; x_wconf 83' lang='lat' dir='ltr'>a</span> <span class='ocrx_word' id='word_1_272' title='bbox 804 2133 825 2160; x_wconf 85' lang='lat' dir='ltr'><strong>e.</strong></span> <span class='ocrx_word' id='word_1_273' title='bbox 862 2131 887 2159; x_wconf 82' lang='lat' dir='ltr'>a</span> <span class='ocrx_word' id='word_1_274' title='bbox 904 2132 945 2160; x_wconf 92' lang='lat' dir='ltr'><strong>m</strong></span> <span class='ocrx_word' id='word_1_275' title='bbox 965 2118 990 2159; x_wconf 90' lang='lat' dir='ltr'>b</span> <span class='ocrx_word' id='word_1_276' title='bbox 1009 2132 1033 2160; x_wconf 95' lang='lat' dir='ltr'><strong>u</strong></span> <span class='ocrx_word' id='word_1_277' title='bbox 1052 2119 1063 2160; x_wconf 97' lang='lat' dir='ltr'><strong>l</strong></span> <span class='ocrx_word' id='word_1_278' title='bbox 1082 2133 1102 2160; x_wconf 83' lang='lat' dir='ltr'><strong>e.</strong></span> <span class='ocrx_word' id='word_1_279' title='bbox 1119 2132 1161 2160; x_wconf 93' lang='lat' dir='ltr'><strong>m</strong></span> <span class='ocrx_word' id='word_1_280' title='bbox 1182 2132 1254 2160; x_wconf 86' lang='lat' dir='ltr'><strong>us.</strong></span> <span class='ocrx_word' id='word_1_281' title='bbox 1293 2118 1377 2161; x_wconf 84' lang='lat' dir='ltr'><strong>fide</strong></span> <span class='ocrx_word' id='word_1_282' title='bbox 1399 2118 1525 2174; x_wconf 86' lang='lat' dir='ltr'><strong>igitur</strong></span> <span class='ocrx_word' id='word_1_283' title='bbox 1549 2119 1641 2161; x_wconf 92' lang='lat' dir='ltr'><strong>Iesu</strong></span> <span class='ocrx_word' id='word_1_284' title='bbox 1666 2119 1816 2161; x_wconf 81' lang='lat' dir='ltr'><strong>Christi</strong></span> 
     </span>
     <span class='ocr_line' id='line_1_35' title="bbox 242 2183 1818 2240; baseline 0.003 -16"><span class='ocrx_word' id='word_1_285' title='bbox 242 2183 498 2238; x_wconf 83' lang='lat' dir='ltr'><strong>inpetramus</strong></span> <span class='ocrx_word' id='word_1_286' title='bbox 552 2183 735 2226; x_wconf 79' lang='lat' dir='ltr'><strong>salutem</strong></span> <span class='ocrx_word' id='word_1_287' title='bbox 787 2188 830 2226; x_wconf 86' lang='lat' dir='ltr'><strong>et</strong></span> <span class='ocrx_word' id='word_1_288' title='bbox 877 2184 1129 2240; x_wconf 86' lang='lat' dir='ltr'><strong>quantulum</strong></span> <span class='ocrx_word' id='word_1_289' title='bbox 1179 2184 1297 2227; x_wconf 86' lang='lat' dir='ltr'><strong>nobis</strong></span> <span class='ocrx_word' id='word_1_290' title='bbox 1350 2184 1574 2228; x_wconf 84' lang='lat' dir='ltr'><strong>inchoatur</strong></span> <span class='ocrx_word' id='word_1_291' title='bbox 1616 2185 1658 2227; x_wconf 92' lang='lat' dir='ltr'><strong>in</strong></span> <span class='ocrx_word' id='word_1_292' title='bbox 1695 2199 1737 2228; x_wconf 83' lang='lat' dir='ltr'><strong>re</strong></span> <span class='ocrx_word' id='word_1_293' title='bbox 1775 2192 1818 2228; x_wconf 85' lang='lat' dir='ltr'><strong>ct</strong></span> 
     </span>
    </p>
   </div>
   <div class='ocr_carea' id='block_1_12' title="bbox 241 2313 1815 2418">
    <p class='ocr_par' dir='ltr' id='par_1_13' title="bbox 241 2313 1815 2418">
     <span class='ocr_line' id='line_1_36' title="bbox 334 2313 1815 2358; baseline 0.001 -8"><span class='ocrx_word' id='word_1_294' title='bbox 334 2317 347 2350; x_wconf 95' lang='lat' dir='ltr'><strong>l</strong></span> <span class='ocrx_word' id='word_1_295' title='bbox 369 2315 413 2350; x_wconf 77' lang='lat' dir='ltr'><strong>ci.</strong></span> <span class='ocrx_word' id='word_1_296' title='bbox 435 2315 448 2349; x_wconf 95' lang='lat' dir='ltr'>I</span> <span class='ocrx_word' id='word_1_297' title='bbox 469 2313 542 2349; x_wconf 76' lang='lat' dir='ltr'><strong>Cor.</strong></span> <span class='ocrx_word' id='word_1_298' title='bbox 559 2317 593 2356; x_wconf 87' lang='grc'><strong>3,</strong></span> <span class='ocrx_word' id='word_1_299' title='bbox 610 2316 629 2350; x_wconf 84' lang='lat'><strong>7</strong></span> <span class='ocrx_word' id='word_1_300' title='bbox 692 2316 713 2350; x_wconf 86' lang='grc'><strong>2</strong></span> <span class='ocrx_word' id='word_1_301' title='bbox 733 2314 806 2350; x_wconf 78' lang='lat'><em>1011.</em></span> <span class='ocrx_word' id='word_1_302' title='bbox 827 2317 878 2356; x_wconf 82' lang='lat'><strong>15,</strong></span> <span class='ocrx_word' id='word_1_303' title='bbox 897 2316 918 2349; x_wconf 80' lang='lat'>5</span> <span class='ocrx_word' id='word_1_304' title='bbox 974 2318 994 2351; x_wconf 72' lang='lat'>4</span> <span class='ocrx_word' id='word_1_305' title='bbox 1017 2315 1060 2351; x_wconf 80' lang='lat' dir='ltr'><strong>cf.</strong></span> <span class='ocrx_word' id='word_1_306' title='bbox 1082 2315 1163 2351; x_wconf 80' lang='lat' dir='ltr'><strong>Leu.</strong></span> <span class='ocrx_word' id='word_1_307' title='bbox 1185 2318 1236 2357; x_wconf 84' lang='grc'><strong>18,</strong></span> <span class='ocrx_word' id='word_1_308' title='bbox 1253 2317 1284 2350; x_wconf 81' lang='grc' dir='ltr'><strong>ὃ.</strong></span> <span class='ocrx_word' id='word_1_309' title='bbox 1323 2316 1424 2352; x_wconf 89' lang='lat' dir='ltr'><strong>Rom.</strong></span> <span class='ocrx_word' id='word_1_310' title='bbox 1442 2317 1525 2356; x_wconf 86' lang='lat'>10‚5</span> <span class='ocrx_word' id='word_1_311' title='bbox 1577 2318 1619 2352; x_wconf 89' lang='lat'><strong>10</strong></span> <span class='ocrx_word' id='word_1_312' title='bbox 1642 2318 1742 2352; x_wconf 83' lang='lat' dir='ltr'><strong>Rom.</strong></span> <span class='ocrx_word' id='word_1_313' title='bbox 1764 2318 1815 2358; x_wconf 85' lang='lat'><strong>10,</strong></span> 
     </span>
     <span class='ocr_line' id='line_1_37' title="bbox 241 2374 995 2418; baseline 0.003 -9"><span class='ocrx_word' id='word_1_314' title='bbox 241 2375 331 2410; x_wconf 81' lang='grc'><strong>6-9</strong></span> <span class='ocrx_word' id='word_1_315' title='bbox 375 2375 414 2410; x_wconf 94' lang='grc'><strong>21</strong></span> <span class='ocrx_word' id='word_1_316' title='bbox 437 2375 480 2410; x_wconf 80' lang='lat' dir='ltr'><strong>cf.</strong></span> <span class='ocrx_word' id='word_1_317' title='bbox 504 2374 572 2410; x_wconf 89' lang='lat' dir='ltr'><strong>Tit.</strong></span> <span class='ocrx_word' id='word_1_318' title='bbox 595 2376 626 2415; x_wconf 85' lang='lat'><strong>2,</strong></span> <span class='ocrx_word' id='word_1_319' title='bbox 651 2376 692 2410; x_wconf 88' lang='grc'><strong>12</strong></span> <span class='ocrx_word' id='word_1_320' title='bbox 738 2375 780 2410; x_wconf 85' lang='grc'><strong>25</strong></span> <span class='ocrx_word' id='word_1_321' title='bbox 803 2375 904 2410; x_wconf 82' lang='lat' dir='ltr'><strong>Rom.</strong></span> <span class='ocrx_word' id='word_1_322' title='bbox 923 2375 957 2418; x_wconf 87' lang='grc'><strong>6,</strong></span> <span class='ocrx_word' id='word_1_323' title='bbox 974 2377 995 2411; x_wconf 90' lang='grc'>4</span> 
     </span>
    </p>
   </div>
   <div class='ocr_carea' id='block_1_13' title="bbox 241 2469 1818 2876">
    <p class='ocr_par' dir='ltr' id='par_1_14' title="bbox 241 2469 1818 2876">
     <span class='ocr_line' id='line_1_38' title="bbox 330 2469 1816 2518; baseline 0.001 -13"><span class='ocrx_word' id='word_1_324' title='bbox 330 2469 352 2505; x_wconf 87' lang='lat'>5</span> <span class='ocrx_word' id='word_1_325' title='bbox 362 2469 462 2506; x_wconf 81' lang='lat' dir='ltr'><strong>uiuet</strong></span> <span class='ocrx_word' id='word_1_326' title='bbox 471 2470 507 2516; x_wconf 79' lang='lat' dir='ltr'><strong>(a</strong></span> <span class='ocrx_word' id='word_1_327' title='bbox 522 2480 548 2506; x_wconf 78' lang='lat'><strong>8.</strong></span> <span class='ocrx_word' id='word_1_328' title='bbox 562 2482 581 2506; x_wconf 82' lang='lat' dir='ltr'><strong>e</strong></span> <span class='ocrx_word' id='word_1_329' title='bbox 590 2471 662 2515; x_wconf 66' lang='lat' dir='ltr'><strong>‚ra-2)</strong></span> <span class='ocrx_word' id='word_1_330' title='bbox 673 2471 704 2506; x_wconf 90' lang='lat' dir='ltr'><em>L</em></span> <span class='ocrx_word' id='word_1_331' title='bbox 793 2472 814 2506; x_wconf 82' lang='lat'><em>8</em></span> <span class='ocrx_word' id='word_1_332' title='bbox 828 2471 890 2517; x_wconf 92' lang='lat' dir='ltr'><strong>qui</strong></span> <span class='ocrx_word' id='word_1_333' title='bbox 899 2482 964 2507; x_wconf 85' lang='lat' dir='ltr'><strong>om.</strong></span> <span class='ocrx_word' id='word_1_334' title='bbox 978 2471 997 2506; x_wconf 91' lang='lat' dir='ltr'><strong><em>b</em></strong></span> <span class='ocrx_word' id='word_1_335' title='bbox 1094 2471 1115 2506; x_wconf 90' lang='lat'><strong>9</strong></span> <span class='ocrx_word' id='word_1_336' title='bbox 1125 2483 1147 2507; x_wconf 83' lang='lat' dir='ltr'>a</span> <span class='ocrx_word' id='word_1_337' title='bbox 1161 2483 1225 2507; x_wconf 82' lang='lat' dir='ltr'><strong>om.</strong></span> <span class='ocrx_word' id='word_1_338' title='bbox 1240 2472 1258 2506; x_wconf 87' lang='lat' dir='ltr'><strong><em>b</em></strong></span> <span class='ocrx_word' id='word_1_339' title='bbox 1359 2472 1555 2518; x_wconf 82' lang='lat' dir='ltr'><strong>imperatur</strong></span> <span class='ocrx_word' id='word_1_340' title='bbox 1566 2475 1596 2508; x_wconf 80' lang='grc' dir='ltr'><strong>(ι’</strong></span> <span class='ocrx_word' id='word_1_341' title='bbox 1695 2474 1738 2508; x_wconf 88' lang='grc'><strong>12</strong></span> <span class='ocrx_word' id='word_1_342' title='bbox 1751 2478 1816 2507; x_wconf 83' lang='lat' dir='ltr'><strong>aut</strong></span> 
     </span>
     <span class='ocr_line' id='line_1_39' title="bbox 241 2529 1818 2577; baseline 0.001 -12"><span class='ocrx_word' id='word_1_343' title='bbox 241 2532 278 2575; x_wconf 82' lang='lat' dir='ltr'><strong>(a</strong></span> <span class='ocrx_word' id='word_1_344' title='bbox 289 2538 317 2565; x_wconf 77' lang='grc' dir='ltr'><strong>ε.</strong></span> <span class='ocrx_word' id='word_1_345' title='bbox 328 2529 350 2565; x_wconf 85' lang='lat'><strong>1.</strong></span> <span class='ocrx_word' id='word_1_346' title='bbox 362 2529 434 2575; x_wconf 81' lang='lat' dir='ltr'><strong>m2)</strong></span> <span class='ocrx_word' id='word_1_347' title='bbox 442 2530 474 2565; x_wconf 91' lang='lat' dir='ltr'><em>L</em></span> <span class='ocrx_word' id='word_1_348' title='bbox 543 2529 718 2566; x_wconf 81' lang='lat' dir='ltr'><strong>discendit</strong></span> <span class='ocrx_word' id='word_1_349' title='bbox 729 2530 760 2566; x_wconf 92' lang='grc' dir='ltr'><em>Ο</em></span> <span class='ocrx_word' id='word_1_350' title='bbox 835 2533 875 2567; x_wconf 89' lang='grc'><strong>16</strong></span> <span class='ocrx_word' id='word_1_351' title='bbox 886 2542 958 2577; x_wconf 82' lang='lat' dir='ltr'><strong>qua</strong></span> <span class='ocrx_word' id='word_1_352' title='bbox 971 2531 1062 2567; x_wconf 86' lang='lat' dir='ltr'><strong>Kml</strong></span> <span class='ocrx_word' id='word_1_353' title='bbox 1140 2531 1190 2576; x_wconf 69' lang='lat' dir='ltr'><strong>sic</strong></span> <span class='ocrx_word' id='word_1_354' title='bbox 1203 2532 1233 2566; x_wconf 84' lang='lat' dir='ltr'><em>G</em></span> <span class='ocrx_word' id='word_1_355' title='bbox 1297 2533 1336 2568; x_wconf 78' lang='lat'><strong>17</strong></span> <span class='ocrx_word' id='word_1_356' title='bbox 1349 2536 1411 2568; x_wconf 87' lang='lat' dir='ltr'><strong>tuo</strong></span> <span class='ocrx_word' id='word_1_357' title='bbox 1422 2543 1485 2568; x_wconf 86' lang='lat' dir='ltr'><strong>om.</strong></span> <span class='ocrx_word' id='word_1_358' title='bbox 1499 2532 1527 2567; x_wconf 84' lang='lat' dir='ltr'><strong><em>C</em></strong></span> <span class='ocrx_word' id='word_1_359' title='bbox 1579 2533 1619 2568; x_wconf 93' lang='lat'><strong>18</strong></span> <span class='ocrx_word' id='word_1_360' title='bbox 1629 2531 1818 2567; x_wconf 68' lang='lat' dir='ltr'><strong>suscitauit</strong></span> 
     </span>
     <span class='ocr_line' id='line_1_40' title="bbox 242 2580 1811 2637; baseline 0.001 -13"><span class='ocrx_word' id='word_1_361' title='bbox 242 2589 340 2624; x_wconf 80' lang='lat' dir='ltr'><strong>inum</strong></span> <span class='ocrx_word' id='word_1_362' title='bbox 351 2590 381 2624; x_wconf 80' lang='lat' dir='ltr'><em>L</em></span> <span class='ocrx_word' id='word_1_363' title='bbox 462 2590 504 2625; x_wconf 82' lang='lat'><strong>20</strong></span> <span class='ocrx_word' id='word_1_364' title='bbox 518 2590 691 2626; x_wconf 75' lang='lat' dir='ltr'><strong>credimus</strong></span> <span class='ocrx_word' id='word_1_365' title='bbox 703 2590 810 2626; x_wconf 79' lang='lat' dir='ltr'><strong>fidem</strong></span> <span class='ocrx_word' id='word_1_366' title='bbox 821 2591 840 2625; x_wconf 83' lang='lat' dir='ltr'><strong><em>b</em></strong></span> <span class='ocrx_word' id='word_1_367' title='bbox 924 2592 962 2628; x_wconf 84' lang='lat'><strong>21</strong></span> <span class='ocrx_word' id='word_1_368' title='bbox 983 2595 1024 2627; x_wconf 78' lang='lat' dir='ltr'><strong>ut</strong></span> <span class='ocrx_word' id='word_1_369' title='bbox 1038 2603 1102 2627; x_wconf 84' lang='lat' dir='ltr'><strong>om.</strong></span> <span class='ocrx_word' id='word_1_370' title='bbox 1116 2591 1135 2626; x_wconf 83' lang='lat' dir='ltr'><strong><em>b</em></strong></span> <span class='ocrx_word' id='word_1_371' title='bbox 1205 2601 1288 2627; x_wconf 75' lang='lat' dir='ltr'><strong>uoce</strong></span> <span class='ocrx_word' id='word_1_372' title='bbox 1298 2591 1459 2627; x_wconf 76' lang='lat' dir='ltr'><strong>nouitate</strong></span> <span class='ocrx_word' id='word_1_373' title='bbox 1470 2593 1534 2637; x_wconf 69' lang='lat' dir='ltr'><strong>sin.</strong></span> <span class='ocrx_word' id='word_1_374' title='bbox 1548 2592 1605 2636; x_wconf 76' lang='lat' dir='ltr'><strong>soz.</strong></span> <span class='ocrx_word' id='word_1_375' title='bbox 1622 2580 1700 2627; x_wconf 64' lang='grc' dir='ltr'><strong>186ὁ</strong></span> <span class='ocrx_word' id='word_1_376' title='bbox 1712 2593 1740 2626; x_wconf 50' lang='lat'><strong>11</strong></span> <span class='ocrx_word' id='word_1_377' title='bbox 1754 2593 1811 2636; x_wconf 74' lang='lat' dir='ltr'><strong>(cs.</strong></span> 
     </span>
     <span class='ocr_line' id='line_1_41' title="bbox 243 2649 1816 2698; baseline 0.001 -14"><span class='ocrx_word' id='word_1_378' title='bbox 243 2649 376 2695; x_wconf 75' lang='lat' dir='ltr'><strong>Pmol.)</strong></span> <span class='ocrx_word' id='word_1_379' title='bbox 466 2653 542 2695; x_wconf 80' lang='lat' dir='ltr'><strong>post</strong></span> <span class='ocrx_word' id='word_1_380' title='bbox 560 2650 696 2696; x_wconf 71' lang='lat' dir='ltr'><strong>gratiae</strong></span> <span class='ocrx_word' id='word_1_381' title='bbox 715 2661 800 2687; x_wconf 74' lang='lat' dir='ltr'><strong>eras.</strong></span> <span class='ocrx_word' id='word_1_382' title='bbox 813 2651 887 2686; x_wconf 85' lang='lat' dir='ltr'><strong>etO</strong></span> <span class='ocrx_word' id='word_1_383' title='bbox 966 2654 1005 2686; x_wconf 81' lang='lat' dir='ltr'><strong>et</strong></span> <span class='ocrx_word' id='word_1_384' title='bbox 1023 2650 1080 2698; x_wconf 83' lang='lat' dir='ltr'><strong>pie</strong></span> <span class='ocrx_word' id='word_1_385' title='bbox 1100 2654 1138 2687; x_wconf 78' lang='lat' dir='ltr'><strong>et</strong></span> <span class='ocrx_word' id='word_1_386' title='bbox 1155 2651 1246 2687; x_wconf 79' lang='lat' dir='ltr'><strong>iuste</strong></span> <span class='ocrx_word' id='word_1_387' title='bbox 1258 2652 1276 2686; x_wconf 88' lang='lat' dir='ltr'><strong><em>b</em></strong></span> <span class='ocrx_word' id='word_1_388' title='bbox 1361 2653 1404 2688; x_wconf 84' lang='lat'><strong>22</strong></span> <span class='ocrx_word' id='word_1_389' title='bbox 1424 2656 1542 2697; x_wconf 75' lang='lat' dir='ltr'><strong>pooest</strong></span> <span class='ocrx_word' id='word_1_390' title='bbox 1552 2653 1636 2687; x_wconf 79' lang='lat' dir='ltr'><strong>Oml</strong></span> <span class='ocrx_word' id='word_1_391' title='bbox 1713 2654 1816 2685; x_wconf 63' lang='lat' dir='ltr'><strong>carno</strong></span> 
     </span>
     <span class='ocr_line' id='line_1_42' title="bbox 241 2709 1815 2757; baseline 0 -13"><span class='ocrx_word' id='word_1_392' title='bbox 241 2711 364 2745; x_wconf 61' lang='lat' dir='ltr'><strong>nostrii</strong></span> <span class='ocrx_word' id='word_1_393' title='bbox 375 2709 455 2745; x_wconf 83' lang='lat' dir='ltr'><strong>POb</strong></span> <span class='ocrx_word' id='word_1_394' title='bbox 497 2709 540 2745; x_wconf 88' lang='lat'><strong>23</strong></span> <span class='ocrx_word' id='word_1_395' title='bbox 553 2716 826 2746; x_wconf 75' lang='lat' dir='ltr'><strong>resurrecturam</strong></span> <span class='ocrx_word' id='word_1_396' title='bbox 838 2711 888 2746; x_wconf 85' lang='lat' dir='ltr'><strong>Ob</strong></span> <span class='ocrx_word' id='word_1_397' title='bbox 926 2709 973 2757; x_wconf 81' lang='lat' dir='ltr'><strong>ei]</strong></span> <span class='ocrx_word' id='word_1_398' title='bbox 983 2711 1070 2746; x_wconf 67' lang='lat' dir='ltr'><strong>aetd</strong></span> <span class='ocrx_word' id='word_1_399' title='bbox 1101 2711 1187 2747; x_wconf 77' lang='lat' dir='ltr'><strong>facit</strong></span> <span class='ocrx_word' id='word_1_400' title='bbox 1196 2711 1334 2747; x_wconf 81' lang='lat' dir='ltr'><strong>om.2bd.</strong></span> <span class='ocrx_word' id='word_1_401' title='bbox 1375 2713 1419 2747; x_wconf 88' lang='grc'><strong>24</strong></span> <span class='ocrx_word' id='word_1_402' title='bbox 1431 2712 1718 2747; x_wconf 82' lang='lat' dir='ltr'><strong>resurrectionem</strong></span> <span class='ocrx_word' id='word_1_403' title='bbox 1735 2711 1815 2745; x_wconf 74' lang='lat'><em>1²01&gt;</em></span> 
     </span>
     <span class='ocr_line' id='line_1_43' title="bbox 241 2767 1815 2817; baseline 0.001 -14"><span class='ocrx_word' id='word_1_404' title='bbox 241 2767 609 2805; x_wconf 72' lang='lat' dir='ltr'><strong>sibi—iustificatione</strong></span> <span class='ocrx_word' id='word_1_405' title='bbox 619 2779 649 2806; x_wconf 74' lang='grc' dir='ltr'><strong>ε.</strong></span> <span class='ocrx_word' id='word_1_406' title='bbox 659 2769 682 2805; x_wconf 85' lang='lat'><strong>1.</strong></span> <span class='ocrx_word' id='word_1_407' title='bbox 692 2770 779 2806; x_wconf 82' lang='lat' dir='ltr'><strong>0m2</strong></span> <span class='ocrx_word' id='word_1_408' title='bbox 871 2774 1027 2817; x_wconf 66' lang='lat' dir='ltr'><strong>congrui</strong></span> <span class='ocrx_word' id='word_1_409' title='bbox 1040 2770 1122 2806; x_wconf 84' lang='lat' dir='ltr'><strong>PCb</strong></span> <span class='ocrx_word' id='word_1_410' title='bbox 1217 2771 1254 2806; x_wconf 89' lang='lat' dir='ltr'><strong>in</strong></span> <span class='ocrx_word' id='word_1_411' title='bbox 1267 2783 1332 2807; x_wconf 85' lang='lat' dir='ltr'><strong>om.</strong></span> <span class='ocrx_word' id='word_1_412' title='bbox 1343 2771 1379 2806; x_wconf 89' lang='lat' dir='ltr'><strong><em>K</em></strong></span> <span class='ocrx_word' id='word_1_413' title='bbox 1467 2770 1755 2806; x_wconf 69' lang='lat' dir='ltr'><strong>institit-ationem</strong></span> <span class='ocrx_word' id='word_1_414' title='bbox 1766 2770 1815 2805; x_wconf 78' lang='lat' dir='ltr'><strong>Cb</strong></span> 
     </span>
     <span class='ocr_line' id='line_1_44' title="bbox 242 2828 1442 2876; baseline 0.002 -13"><span class='ocrx_word' id='word_1_415' title='bbox 242 2828 286 2864; x_wconf 83' lang='lat'><strong>25</strong></span> <span class='ocrx_word' id='word_1_416' title='bbox 300 2838 362 2875; x_wconf 81' lang='lat' dir='ltr'><strong>per</strong></span> <span class='ocrx_word' id='word_1_417' title='bbox 376 2828 493 2875; x_wconf 76' lang='lat' dir='ltr'><strong>baptis</strong></span> <span class='ocrx_word' id='word_1_418' title='bbox 505 2829 534 2864; x_wconf 78' lang='lat' dir='ltr'><em>G</em></span> <span class='ocrx_word' id='word_1_419' title='bbox 612 2830 654 2865; x_wconf 87' lang='grc'><strong>27</strong></span> <span class='ocrx_word' id='word_1_420' title='bbox 665 2829 730 2876; x_wconf 87' lang='lat' dir='ltr'><strong>sic]</strong></span> <span class='ocrx_word' id='word_1_421' title='bbox 741 2829 793 2865; x_wconf 76' lang='lat' dir='ltr'><strong>ita.</strong></span> <span class='ocrx_word' id='word_1_422' title='bbox 801 2829 839 2865; x_wconf 69' lang='lat' dir='ltr'><strong>ab</strong></span> <span class='ocrx_word' id='word_1_423' title='bbox 913 2830 959 2866; x_wconf 88' lang='grc'><strong>29</strong></span> <span class='ocrx_word' id='word_1_424' title='bbox 972 2834 1009 2866; x_wconf 81' lang='lat' dir='ltr'><strong>et</strong></span> <span class='ocrx_word' id='word_1_425' title='bbox 1017 2841 1083 2867; x_wconf 86' lang='lat' dir='ltr'><strong>om.</strong></span> <span class='ocrx_word' id='word_1_426' title='bbox 1092 2831 1122 2866; x_wconf 92' lang='lat' dir='ltr'><em>O</em></span> <span class='ocrx_word' id='word_1_427' title='bbox 1190 2834 1366 2876; x_wconf 78' lang='lat' dir='ltr'><strong>quantum</strong></span> <span class='ocrx_word' id='word_1_428' title='bbox 1380 2831 1442 2866; x_wconf 71' lang='lat' dir='ltr'><strong>elui</strong></span> 
     </span>
    </p>
   </div>
  </div>
 </body>
</html>
