2028 3204
288 229 365 271 242
819 238 880 273 111.
915 237 968 273 De
1000 242 1128 274 natura
1159 242 1197 274 et
1227 237 1339 284 gratia

287 379 307 405 e
326 379 350 406 a
369 370 386 405 t
406 379 429 406 u
448 378 503 410 ιιι,
557 369 598 405 et
644 379 691 405 eo
743 364 844 413 loco,
893 363 962 406 ubi
1007 364 1057 405 de
1106 363 1389 405 sacerdotibus
1431 361 1585 405 sanctis
1639 362 1860 417 agebatur:

287 429 516 471 etenim
559 435 857 483 expertus
901 433 993 470 est
1037 428 1235 470 omnia
1277 428 1609 470 seeundum
1649 427 1864 470 simili-

288 494 507 537 tudine
526 508 566 536 m
631 494 724 536 sin
742 509 762 536 e
814 508 840 549 p
857 508 877 535 e
895 508 916 536 c
934 508 954 536 c
972 499 1092 536 ato:
1159 493 1199 536 in
1251 493 1320 535 illa
1368 493 1521 536 scilicet
1572 507 1706 543 carne,
1758 507 1864 548 quae

287 560 469 602 babebat
508 559 821 602 similitudinem
862 559 994 602 carnis
1034 559 1206 614 peccati,
1262 559 1452 614 quamuis
1508 573 1587 601 non
1627 564 1734 600 esset
1773 572 1866 601 caro

289 625 466 680 peccati3
496 639 622 680 quam
647 631 786 667 tamen
811 625 1123 667 similitudinem
1147 639 1229 667 non
1255 625 1440 673 haberet,
1467 624 1545 666 nisi
1569 630 1705 666 cetera-
1730 623 1863 666 omnis
1891 636 1908 665 ⁵

287 691 464 733 hominis
495 696 602 733 esset
632 705 726 733 earo
769 691 940 746 peccati.
988 691 1071 732 iam
1103 690 1202 732 illud
1235 690 1441 745 quomodo
1472 689 1759 744 accipiendum
1789 689 1863 731 sit:

288 757 480 799 omnis
520 756 617 812 qui
652 762 834 798 natus
872 762 1071 798 estex
1105 757 1211 798 deo
1247 770 1357 798 non
1404 761 1620 810 peccat
1658 761 1712 797 et
1756 769 1865 797 non

289 828 499 877 potest
532 836 800 877 peecare,
834 821 975 876 quia
1007 835 1202 864 semen
1235 821 1365 863 eius
1398 821 1453 863 in
1486 820 1618 876 ipso
1649 826 1863 869 manet,

288 903 381 930 eum
404 889 491 943 ipse
514 888 726 943 apostolus
753 888 969 938 lohannes,
995 887 1113 942 quasi
1135 901 1215 929 non
1239 887 1293 929 sit
1316 892 1438 929 natus
1461 901 1511 928 ex
1532 887 1608 928 deo
1632 892 1706 928 aut
1728 886 1784 928 eis
1809 886 1865 927 lo-

290 960 483 1009 queretur
518 954 587 1009 qui
623 954 808 996 nondum
842 959 978 995 essent
1014 953 1104 995 nati
1137 967 1188 994 ex
1230 953 1320 1003 deo,
1365 957 1506 1007 aperte
1559 951 1760 1007 posuerit:
1814 951 1862 992 si
1896 962 1934 991 ιο
1992 1004 2001 1013 Ἰ

288 1019 631 1061 dixerimus
679 1019 819 1074 quia
866 1024 1188 1074 peecatum
1243 1032 1353 1060 non
1409 1018 1714 1067 habemus,
1763 1031 1864 1059 nos

290 1086 457 1140 ipsos
501 1085 853 1127 seducimus
897 1089 953 1126 et
998 1083 1240 1126 ueritas
1284 1083 1338 1125 in
1384 1083 1560 1125 nobis
1605 1097 1713 1125 non
1758 1087 1864 1131 est,

290 1151 327 1192 in
348 1150 473 1197 libris.
489 1164 590 1205 quos
608 1151 658 1192 de
676 1151 753 1192 hae
771 1164 812 1192 re
833 1151 885 1192 ad
905 1149 1187 1192 Marcellinum
1208 1149 1364 1204 scripsi,
1384 1149 1489 1191 sicut
1508 1148 1639 1203 potui,
1662 1148 1864 1203 explicare

290 1216 443 1258 curaui.
492 1222 533 1257 et
568 1216 681 1267 illud,
709 1216 818 1271 quod
852 1215 1011 1257 dictum
1051 1219 1132 1257 est:
1182 1229 1208 1256 n
1227 1230 1249 1257 o
1268 1229 1293 1256 ιι
1341 1228 1406 1269 po
1425 1220 1441 1255 t
1460 1228 1479 1255 e
1498 1228 1515 1255 s
1534 1220 1551 1255 t
1596 1228 1622 1269 p
1638 1228 1659 1255 e
1677 1228 1697 1255 c
1715 1227 1735 1255 c
1753 1228 1776 1255 a
1795 1227 1864 1263 re,

292 1296 362 1336 pro
396 1297 442 1323 eo
476 1282 635 1323 (lictum
668 1295 768 1327 esse,
802 1281 884 1323 acsi
927 1281 1132 1323 diceretur
1176 1281 1268 1322 ‘non
1312 1280 1434 1321 debet
1468 1280 1663 1334 peccare‘,
1691 1293 1772 1321 non
1807 1278 1866 1320 in—
1898 1290 1935 1319 ιε,

291 1348 505 1402 probanda
541 1346 642 1388 mihi
679 1347 843 1389 uidetur
879 1346 998 1388 huius
1035 1346 1220 1388 assertio.
1274 1345 1364 1400 quis
1401 1345 1511 1387 enim
1546 1345 1715 1387 insanus
1752 1344 1865 1386 dicat

289 1414 436 1454 debere
466 1412 640 1468 pec-cari,
671 1427 766 1454 cum
795 1412 886 1454 ideo
917 1411 970 1453 sit
999 1416 1230 1467 peccatum,
1263 1410 1360 1466 quia
1390 1425 1468 1452 non
1501 1410 1625 1452 debet
1656 1409 1775 1451 fieri?

398 1479 488 1520 XV.
537 1480 597 1520 16.
665 1479 769 1520 Sane
815 1478 925 1533 quod
971 1477 1183 1532 apostolus
1232 1476 1405 1518 lacobus
1451 1475 1529 1517 ait:
1592 1475 1600 1516 1
1622 1475 1677 1517 in
1694 1490 1720 1530 g
1738 1489 1763 1516 ιι
1782 1489 1803 1516 a
1826 1488 1867 1516 m

290 1550 491 1585 autem
553 1544 763 1585 nullus
824 1542 1130 1584 hominum
1191 1543 1432 1584 domare
1496 1546 1721 1596 potest,
1786 1554 1867 1582 non

291 1609 390 1651 mihi
429 1609 595 1651 uidetur
635 1609 693 1651 ita
732 1609 1069 1664 intellegendum,
1128 1613 1172 1649 ut
1213 1620 1416 1662 exponere
1457 1606 1603 1655 uoluit,
1644 1606 1762 1660 quasi
1798 1618 1868 1658 per
1893 1616 1937 1646 20

291 1664 645 1728 exprobrationem'
659 1675 822 1723 dictum,
871 1678 1071 1727 tamquam
1101 1673 1309 1715 diceretur:
1353 1686 1489 1726 erqone
1520 1671 1697 1726 linquam
1730 1670 1866 1712 nullus

291 1740 496 1782 homiuum
538 1740 697 1781 domare
737 1738 889 1792 potest?
934 1743 1135 1792 tamquam
1176 1737 1387 1791 obiuryans
1429 1741 1463 1778 et
1502 1737 1659 1779 dicens:
1711 1737 1868 1778 domare

290 1806 395 1858 feras
414 1806 587 1859 potestis,
611 1805 789 1859 linquam
810 1818 890 1846 uon
909 1803 1100 1857 potestis?
1121 1804 1238 1857 quasi
1255 1803 1420 1855 facilius
1439 1803 1491 1844 sit
1511 1803 1689 1856 linquam
1709 1802 1867 1843 domare.

291 1885 410 1925 quam
442 1871 559 1924 seras,
623 1885 703 1913 non
729 1875 831 1925 puto
858 1870 964 1925 quod
994 1869 1071 1911 iste
1096 1869 1150 1911 sit
1175 1883 1315 1911 sensus
1339 1869 1417 1910 hoc
1441 1868 1542 1909 loeo.
1585 1867 1618 1909 si
1657 1867 1766 1909 enim
1789 1867 1867 1908 hoc

291 1936 434 1979 sentiri
465 1937 588 1978 uellet
622 1937 672 1978 de
706 1935 905 1978 facilit-ate
938 1935 1170 1977 domandae
1203 1934 1378 1990 linguae,
1428 1938 1563 1975 cetera
1596 1937 1865 1987 sequerentur
1893 1943 1935 1974 25

292 2003 332 2044 in
369 2002 596 2044 bestiarum
632 2001 940 2057 conparatione.
993 2014 1102 2043 nunc
1139 2013 1235 2042 uero
1271 1998 1476 2054 sequitur:
1514 1997 1866 2053 inquietum

291 2068 518 2117 malum,
566 2067 746 2122 plena
791 2080 1022 2108 ueneno
1067 2064 1412 2115 mortifero,
1458 2063 1602 2118 utique
1631 2062 1866 2105 nocentiore

293 2147 418 2187 quam
450 2133 677 2174 bestiarum
697 2137 760 2174 est
781 2138 907 2186 atque
930 2130 1202 2186 serpentium;
1226 2144 1322 2172 nam
1344 2129 1445 2171 illud
1467 2141 1631 2171 carnem
1653 2127 1864 2175 interficit,

385 2236 404 2269 2
426 2234 533 2269 Hebr.
555 2237 588 2275 4,
604 2235 646 2269 15
716 2236 736 2269 4
755 2233 798 2268 cf.
818 2234 920 2269 Rom.
936 2233 1004 2275 8,3
1079 2234 1097 2267 7
1119 2232 1133 2267 I
1155 2232 1229 2266 Ioh.
1250 2232 1282 2272 3,
1303 2231 1325 2265 9
1409 2231 1451 2266 10
1474 2230 1489 2265 I
1512 2230 1586 2265 Ioh.
1608 2231 1638 2270 1,
1658 2230 1679 2265 8
1756 2229 1798 2263 13
1817 2228 1861 2263 ct.

290 2294 341 2328 De
353 2304 446 2340 poce.
460 2304 542 2329 mer.
566 2293 596 2328 Il
610 2293 750 2334 7.9—8‚
765 2293 806 2328 10
817 2303 895 2338 pag.
914 2293 1045 2328 79—82
1101 2292 1143 2327 15
1155 2291 1314 2337 Pelagius
1346 2300 1347 2303 ¹
1373 2291 1415 2325 18
1434 2289 1502 2325 Iac.
1520 2291 1554 2330 3,
1569 2289 1591 2324 8
1648 2288 1693 2324 20
1703 2286 1866 2333 Pelagius

295 2354 337 2389 26
361 2353 429 2388 Iac.
447 2355 479 2394 3,
499 2353 519 2387 8

387 2427 402 2460 l
427 2425 557 2459 sanctis
573 2425 681 2460 om.bd
770 2426 789 2458 2
804 2427 859 2459 est
873 2424 970 2459 om.L
1061 2423 1084 2459 3
1098 2422 1187 2469 sine]
1202 2423 1335 2467 absque
1347 2421 1388 2456 bd
1477 2422 1498 2455 4
1516 2416 1866 2465 quamuis—peccati

295 2485 334 2519 in
353 2496 416 2530 my.
429 2484 461 2518 D
583 2485 604 2519 6
629 2482 782 2519 hominis
807 2495 869 2519 om.
884 2483 1002 2518 1>le
1010 2482 1113 2518 Bde
1255 2482 1276 2516 9
1301 2473 1403 2516 iofins
1426 2480 1456 2515 V
1583 2478 1633 2514 eis
1656 2478 1684 2524 (i
1710 2488 1752 2513 ez
1774 2478 1814 2520 u)
1832 2477 1864 2512 R

298 2544 340 2578 10
359 2544 436 2580 nati
450 2546 571 2579 essent
580 2543 651 2578 de
762 2545 799 2578 11
820 2542 919 2588 quia]
932 2541 1101 2588 quoniam
1113 2541 1131 2576 b
1238 2544 1374 2576 nosmet
1387 2540 1406 2574 b
1501 2540 1542 2575 13
1556 2539 1602 2574 ad
1618 2535 1863 2574 Marcellinum

294 2606 338 2639 (le
356 2604 422 2639 hac
438 2614 474 2639 re.
486 2604 580 2639 Oros.
693 2613 735 2637 ac
753 2613 787 2637 re
799 2603 829 2637 L
933 2601 1142 2638 marconnB
1256 2601 1298 2636 15
1314 2611 1376 2646 pro
1394 2609 1434 2635 eo
1451 2598 1547 2644 quod
1562 2596 1698 2633 dictum
1716 2599 1772 2632 est
1790 2594 1863 2632 aoei

296 2662 364 2699 «lic.
374 2664 467 2699 Ονοε.
518 2664 559 2699 16
576 2661 722 2698 insanus
733 2661 833 2697 <mv
882 2663 922 2697 17
935 2661 1077 2707 debere]
1092 2659 1222 2696 habere
1234 2660 1266 2695 B
1312 2659 1355 2695 19
1368 2668 1438 2694 non
1448 2657 1604 2693 om.le
1651 2655 1694 2691 20
1703 2654 1759 2702 ut]
1767 2655 1864 2702 quod

305 2723 459 2764 s.l.0m2,
469 2723 488 2758 b
534 2724 575 2759 21
588 2720 879 2768 exprobationem
889 2720 921 2756 R
965 2722 1011 2757 22
1023 2720 1075 2766 et]
1087 2719 1138 2755 eis
1146 2720 1240 2755 Oros.
1288 2720 1331 2754 24
1346 2718 1405 2754 alt.
1414 2717 1483 2753 hoc
1490 2717 1525 2763 (c
1535 2715 1664 2758 s.1.m2)
1674 2714 1706 2750 R
1720 2714 1755 2750 id
1764 2715 1861 2751 oros.

298 2783 340 2818 25
354 2782 485 2818 sentire
498 2783 531 2817 D
545 2782 573 2828 (i
586 2782 678 2826 alin.
694 2793 712 2816 e
729 2782 784 2817 ml
791 2780 901 2824 )‚Rm1
908 2780 940 2815 B
1008 2778 1146 2815 domari
1155 2779 1173 2814 b
1264 2778 1308 2814 28
1320 2780 1375 2812 est
1387 2775 1580 2812 om.Vm1E
1587 2775 1682 2812 Oros.
1742 2773 1867 2820 atque]

296 2846 331 2877 et
349 2842 405 2888 (in
417 2853 482 2888 my.
497 2842 591 2887 atq.)
603 2841 682 2882 VJ]
755 2843 959 2887 serpentum
972 2839 1214 2875 PVEderos.
