<?xml version="1.0" encoding="UTF-8"?>
<!DOCTYPE html PUBLIC "-//W3C//DTD XHTML 1.0 Transitional//EN"
    "http://www.w3.org/TR/xhtml1/DTD/xhtml1-transitional.dtd">
<html xmlns="http://www.w3.org/1999/xhtml" xml:lang="en" lang="en">
 <head>
  <title>
</title>
<meta http-equiv="Content-Type" content="text/html;charset=utf-8" />
  <meta name='ocr-system' content='tesseract 3.04.00' />
  <meta name='ocr-capabilities' content='ocr_page ocr_carea ocr_par ocr_line ocrx_word'/>
</head>
<body>
  <div class='ocr_page' id='page_1' title='image "./corpusscriptorum60auguuoft_0632.png"; bbox 0 0 2028 3204; ppageno 0'>
   <div class='ocr_carea' id='block_1_1' title="bbox 264 191 343 233">
    <p class='ocr_par' dir='ltr' id='par_1_1' title="bbox 264 191 343 233">
     <span class='ocr_line' id='line_1_1' title="bbox 264 191 343 233; baseline 0.013 -1"><span class='ocrx_word' id='word_1_1' title='bbox 264 191 343 233; x_wconf 90' lang='lat'>602</span> 
     </span>
    </p>
   </div>
   <div class='ocr_carea' id='block_1_2' title="bbox 253 313 1017 1667">
    <p class='ocr_par' dir='ltr' id='par_1_2' title="bbox 263 313 1017 538">
     <span class='ocr_line' id='line_1_2' title="bbox 263 313 1017 360; baseline 0 -10"><span class='ocrx_word' id='word_1_2' title='bbox 263 314 458 360; x_wconf 85' lang='lat' dir='ltr'>Decalogus</span> <span class='ocrx_word' id='word_1_3' title='bbox 487 313 502 349; x_wconf 95' lang='lat' dir='ltr'>I</span> <span class='ocrx_word' id='word_1_4' title='bbox 523 316 596 355; x_wconf 86' lang='lat'>176,</span> <span class='ocrx_word' id='word_1_5' title='bbox 625 315 677 350; x_wconf 91' lang='lat'>26.</span> <span class='ocrx_word' id='word_1_6' title='bbox 697 326 767 349; x_wconf 89' lang='lat' dir='ltr'>non</span> <span class='ocrx_word' id='word_1_7' title='bbox 782 315 901 350; x_wconf 84' lang='lat' dir='ltr'>littera</span> <span class='ocrx_word' id='word_1_8' title='bbox 927 315 1017 350; x_wconf 91' lang='lat' dir='ltr'>occi·</span> 
     </span>
     <span class='ocr_line' id='line_1_3' title="bbox 307 373 1016 415; baseline 0.001 -7"><span class='ocrx_word' id='word_1_9' title='bbox 307 375 392 409; x_wconf 85' lang='lat' dir='ltr'>‹lens</span> <span class='ocrx_word' id='word_1_10' title='bbox 411 373 426 408; x_wconf 96' lang='lat' dir='ltr'>I</span> <span class='ocrx_word' id='word_1_11' title='bbox 450 375 524 415; x_wconf 87' lang='grc'>178,</span> <span class='ocrx_word' id='word_1_12' title='bbox 550 376 600 409; x_wconf 93' lang='lat'>12.</span> <span class='ocrx_word' id='word_1_13' title='bbox 619 374 655 408; x_wconf 90' lang='lat' dir='ltr'>in</span> <span class='ocrx_word' id='word_1_14' title='bbox 672 378 792 409; x_wconf 86' lang='lat' dir='ltr'>monte</span> <span class='ocrx_word' id='word_1_15' title='bbox 810 374 894 409; x_wconf 88' lang='lat' dir='ltr'>Sina</span> <span class='ocrx_word' id='word_1_16' title='bbox 910 374 1016 410; x_wconf 85' lang='lat' dir='ltr'>datus</span> 
     </span>
     <span class='ocr_line' id='line_1_4' title="bbox 310 433 1015 480; baseline 0.003 -13"><span class='ocrx_word' id='word_1_17' title='bbox 310 433 323 467; x_wconf 97' lang='lat' dir='ltr'>I</span> <span class='ocrx_word' id='word_1_18' title='bbox 345 435 418 475; x_wconf 88' lang='lat'>181,</span> <span class='ocrx_word' id='word_1_19' title='bbox 436 434 466 468; x_wconf 92' lang='lat'>8.</span> <span class='ocrx_word' id='word_1_20' title='bbox 485 433 624 468; x_wconf 90' lang='lat' dir='ltr'>duabus</span> <span class='ocrx_word' id='word_1_21' title='bbox 644 433 711 468; x_wconf 87' lang='lat' dir='ltr'>illis</span> <span class='ocrx_word' id='word_1_22' title='bbox 723 434 854 469; x_wconf 90' lang='lat' dir='ltr'>tabulis</span> <span class='ocrx_word' id='word_1_23' title='bbox 868 434 1015 480; x_wconf 87' lang='lat' dir='ltr'>lapideis</span> 
     </span>
     <span class='ocr_line' id='line_1_5' title="bbox 306 492 1012 538; baseline 0.006 -12"><span class='ocrx_word' id='word_1_24' title='bbox 306 493 508 527; x_wconf 79' lang='lat' dir='ltr'>continetur</span> <span class='ocrx_word' id='word_1_25' title='bbox 533 492 546 526; x_wconf 96' lang='lat' dir='ltr'>I</span> <span class='ocrx_word' id='word_1_26' title='bbox 570 493 646 534; x_wconf 85' lang='lat'>496,</span> <span class='ocrx_word' id='word_1_27' title='bbox 670 494 728 534; x_wconf 84' lang='lat'>24;</span> <span class='ocrx_word' id='word_1_28' title='bbox 751 494 795 538; x_wconf 74' lang='lat' dir='ltr'>cl.</span> <span class='ocrx_word' id='word_1_29' title='bbox 820 493 835 528; x_wconf 95' lang='lat' dir='ltr'>I</span> <span class='ocrx_word' id='word_1_30' title='bbox 860 495 936 537; x_wconf 92' lang='lat'>176,</span> <span class='ocrx_word' id='word_1_31' title='bbox 958 495 1012 529; x_wconf 87' lang='grc'>29.</span> 
     </span>
    </p>

    <p class='ocr_par' dir='ltr' id='par_1_3' title="bbox 260 552 1011 599">
     <span class='ocr_line' id='line_1_6' title="bbox 260 552 1011 599; baseline 0.001 -11"><span class='ocrx_word' id='word_1_32' title='bbox 260 554 379 588; x_wconf 81' lang='lat' dir='ltr'>decem</span> <span class='ocrx_word' id='word_1_33' title='bbox 396 556 431 587; x_wconf 90' lang='lat' dir='ltr'>et</span> <span class='ocrx_word' id='word_1_34' title='bbox 448 556 528 587; x_wconf 87' lang='lat' dir='ltr'>octo</span> <span class='ocrx_word' id='word_1_35' title='bbox 546 553 644 587; x_wconf 87' lang='lat' dir='ltr'>uelut</span> <span class='ocrx_word' id='word_1_36' title='bbox 659 552 815 599; x_wconf 84' lang='lat' dir='ltr'>episcopi</span> <span class='ocrx_word' id='word_1_37' title='bbox 832 553 848 588; x_wconf 92' lang='grc' dir='ltr'>Ι</span> <span class='ocrx_word' id='word_1_38' title='bbox 864 555 941 596; x_wconf 90' lang='grc'>424,</span> <span class='ocrx_word' id='word_1_39' title='bbox 958 555 1011 589; x_wconf 87' lang='grc'>20.</span> 
     </span>
    </p>

    <p class='ocr_par' dir='ltr' id='par_1_4' title="bbox 260 611 1011 718">
     <span class='ocr_line' id='line_1_7' title="bbox 260 611 1011 659; baseline 0.001 -12"><span class='ocrx_word' id='word_1_40' title='bbox 260 613 414 648; x_wconf 86' lang='lat' dir='ltr'>decimas</span> <span class='ocrx_word' id='word_1_41' title='bbox 431 611 514 647; x_wconf 88' lang='lat' dir='ltr'>dare</span> <span class='ocrx_word' id='word_1_42' title='bbox 532 614 585 655; x_wconf 89' lang='lat'>76,</span> <span class='ocrx_word' id='word_1_43' title='bbox 606 613 657 648; x_wconf 96' lang='lat'>15.</span> <span class='ocrx_word' id='word_1_44' title='bbox 689 613 845 659; x_wconf 85' lang='lat' dir='ltr'>accipere</span> <span class='ocrx_word' id='word_1_45' title='bbox 865 616 938 655; x_wconf 93' lang='lat'>111,</span> <span class='ocrx_word' id='word_1_46' title='bbox 959 614 1011 648; x_wconf 92' lang='lat'>18.</span> 
     </span>
     <span class='ocr_line' id='line_1_8' title="bbox 304 671 628 718; baseline 0.006 -13"><span class='ocrx_word' id='word_1_47' title='bbox 304 671 469 718; x_wconf 84' lang='lat' dir='ltr'>praebere</span> <span class='ocrx_word' id='word_1_48' title='bbox 497 674 571 714; x_wconf 84' lang='lat'>112,</span> <span class='ocrx_word' id='word_1_49' title='bbox 598 673 628 707; x_wconf 94' lang='lat'>2.</span> 
     </span>
    </p>

    <p class='ocr_par' dir='ltr' id='par_1_5' title="bbox 258 731 1012 892">
     <span class='ocr_line' id='line_1_9' title="bbox 258 731 1012 778; baseline 0 -12"><span class='ocrx_word' id='word_1_50' title='bbox 258 731 450 767; x_wconf 79' lang='lat' dir='ltr'>decimatio</span> <span class='ocrx_word' id='word_1_51' title='bbox 472 732 553 767; x_wconf 89' lang='lat' dir='ltr'>talis</span> <span class='ocrx_word' id='word_1_52' title='bbox 575 743 626 768; x_wconf 89' lang='lat' dir='ltr'>res</span> <span class='ocrx_word' id='word_1_53' title='bbox 647 735 734 773; x_wconf 90' lang='lat' dir='ltr'>erat,</span> <span class='ocrx_word' id='word_1_54' title='bbox 758 743 847 778; x_wconf 86' lang='lat' dir='ltr'>quae</span> <span class='ocrx_word' id='word_1_55' title='bbox 868 733 906 767; x_wconf 92' lang='lat' dir='ltr'>in</span> <span class='ocrx_word' id='word_1_56' title='bbox 926 743 1012 767; x_wconf 90' lang='lat' dir='ltr'>uno-</span> 
     </span>
     <span class='ocr_line' id='line_1_10' title="bbox 304 792 1012 838; baseline 0.003 -13"><span class='ocrx_word' id='word_1_57' title='bbox 304 803 447 837; x_wconf 86' lang='lat' dir='ltr'>quoque</span> <span class='ocrx_word' id='word_1_58' title='bbox 466 792 605 827; x_wconf 89' lang='lat' dir='ltr'>homine</span> <span class='ocrx_word' id='word_1_59' title='bbox 633 803 735 838; x_wconf 81' lang='lat' dir='ltr'>saepe</span> <span class='ocrx_word' id='word_1_60' title='bbox 756 796 832 827; x_wconf 89' lang='lat' dir='ltr'>erat</span> <span class='ocrx_word' id='word_1_61' title='bbox 850 792 1012 827; x_wconf 81' lang='lat' dir='ltr'>facienda</span> 
     </span>
     <span class='ocr_line' id='line_1_11' title="bbox 306 851 475 892; baseline 0.006 -7"><span class='ocrx_word' id='word_1_62' title='bbox 306 851 321 885; x_wconf 94' lang='lat' dir='ltr'>I</span> <span class='ocrx_word' id='word_1_63' title='bbox 345 853 419 892; x_wconf 88' lang='lat'>112,</span> <span class='ocrx_word' id='word_1_64' title='bbox 446 853 475 886; x_wconf 89' lang='lat'>1.</span> 
     </span>
    </p>

    <p class='ocr_par' dir='ltr' id='par_1_6' title="bbox 256 910 1012 1012">
     <span class='ocr_line' id='line_1_12' title="bbox 256 910 1012 957; baseline 0.001 -12"><span class='ocrx_word' id='word_1_65' title='bbox 256 910 491 946; x_wconf 76' lang='lat' dir='ltr'>Definitiones</span> <span class='ocrx_word' id='word_1_66' title='bbox 525 922 615 957; x_wconf 85' lang='lat' dir='ltr'>quae</span> <span class='ocrx_word' id='word_1_67' title='bbox 649 911 816 946; x_wconf 85' lang='lat' dir='ltr'>dicuntur</span> <span class='ocrx_word' id='word_1_68' title='bbox 850 911 1012 946; x_wconf 85' lang='lat' dir='ltr'>Caelestii</span> 
     </span>
     <span class='ocr_line' id='line_1_13' title="bbox 307 970 593 1012; baseline 0.003 -8"><span class='ocrx_word' id='word_1_69' title='bbox 307 970 342 1004; x_wconf 93' lang='lat' dir='ltr'>II</span> <span class='ocrx_word' id='word_1_70' title='bbox 367 972 398 1012; x_wconf 87' lang='lat'>3,</span> <span class='ocrx_word' id='word_1_71' title='bbox 424 971 455 1006; x_wconf 93' lang='lat'>5.</span> <span class='ocrx_word' id='word_1_72' title='bbox 483 972 513 1005; x_wconf 87' lang='lat'>7.</span> <span class='ocrx_word' id='word_1_73' title='bbox 542 973 593 1007; x_wconf 91' lang='lat'>13.</span> 
     </span>
    </p>

    <p class='ocr_par' dir='ltr' id='par_1_7' title="bbox 256 1030 1009 1251">
     <span class='ocr_line' id='line_1_14' title="bbox 256 1030 1008 1076; baseline 0.003 -13"><span class='ocrx_word' id='word_1_74' title='bbox 256 1030 454 1065; x_wconf 77' lang='lat' dir='ltr'>Demetrias</span> <span class='ocrx_word' id='word_1_75' title='bbox 467 1041 564 1065; x_wconf 86' lang='lat' dir='ltr'>sacra</span> <span class='ocrx_word' id='word_1_76' title='bbox 577 1030 705 1065; x_wconf 87' lang='lat' dir='ltr'>Christi</span> <span class='ocrx_word' id='word_1_77' title='bbox 719 1031 830 1076; x_wconf 86' lang='lat' dir='ltr'>uirgo,</span> <span class='ocrx_word' id='word_1_78' title='bbox 843 1031 889 1065; x_wconf 89' lang='lat' dir='ltr'>ad</span> <span class='ocrx_word' id='word_1_79' title='bbox 902 1041 1008 1076; x_wconf 88' lang='lat' dir='ltr'>quam</span> 
     </span>
     <span class='ocr_line' id='line_1_15' title="bbox 303 1090 1006 1135; baseline 0 -11"><span class='ocrx_word' id='word_1_80' title='bbox 303 1090 462 1135; x_wconf 81' lang='lat' dir='ltr'>Pelagius</span> <span class='ocrx_word' id='word_1_81' title='bbox 476 1090 663 1135; x_wconf 86' lang='lat' dir='ltr'>epistulam</span> <span class='ocrx_word' id='word_1_82' title='bbox 678 1090 819 1135; x_wconf 80' lang='lat' dir='ltr'>scripsit</span> <span class='ocrx_word' id='word_1_83' title='bbox 834 1090 869 1124; x_wconf 94' lang='grc' dir='ltr'>ΙΙ</span> <span class='ocrx_word' id='word_1_84' title='bbox 885 1090 960 1132; x_wconf 89' lang='grc'>155,</span> <span class='ocrx_word' id='word_1_85' title='bbox 976 1091 1006 1125; x_wconf 91' lang='grc'>2.</span> 
     </span>
     <span class='ocr_line' id='line_1_16' title="bbox 303 1150 1009 1196; baseline 0.001 -13"><span class='ocrx_word' id='word_1_86' title='bbox 303 1150 377 1191; x_wconf 86' lang='grc'>157,</span> <span class='ocrx_word' id='word_1_87' title='bbox 399 1151 451 1185; x_wconf 88' lang='lat'>21.</span> <span class='ocrx_word' id='word_1_88' title='bbox 486 1150 531 1184; x_wconf 89' lang='lat' dir='ltr'>ad</span> <span class='ocrx_word' id='word_1_89' title='bbox 551 1151 698 1185; x_wconf 87' lang='lat' dir='ltr'>eandem</span> <span class='ocrx_word' id='word_1_90' title='bbox 717 1150 846 1185; x_wconf 93' lang='lat' dir='ltr'>librum</span> <span class='ocrx_word' id='word_1_91' title='bbox 867 1150 1009 1196; x_wconf 82' lang='lat' dir='ltr'>scripsit</span> 
     </span>
     <span class='ocr_line' id='line_1_17' title="bbox 303 1209 519 1251; baseline 0 -7"><span class='ocrx_word' id='word_1_92' title='bbox 303 1209 338 1244; x_wconf 93' lang='grc' dir='ltr'>ΙΙ</span> <span class='ocrx_word' id='word_1_93' title='bbox 365 1211 440 1251; x_wconf 87' lang='grc'>142,</span> <span class='ocrx_word' id='word_1_94' title='bbox 467 1210 519 1244; x_wconf 91' lang='lat'>21.</span> 
     </span>
    </p>

    <p class='ocr_par' dir='ltr' id='par_1_8' title="bbox 254 1269 1006 1424">
     <span class='ocr_line' id='line_1_18' title="bbox 254 1269 1006 1315; baseline 0 -12"><span class='ocrx_word' id='word_1_95' title='bbox 254 1269 432 1304; x_wconf 87' lang='lat' dir='ltr'>denarius:</span> <span class='ocrx_word' id='word_1_96' title='bbox 459 1269 551 1304; x_wconf 88' lang='lat' dir='ltr'>sicut</span> <span class='ocrx_word' id='word_1_97' title='bbox 576 1270 613 1303; x_wconf 89' lang='lat' dir='ltr'>in</span> <span class='ocrx_word' id='word_1_98' title='bbox 638 1269 695 1303; x_wconf 91' lang='lat' dir='ltr'>illo</span> <span class='ocrx_word' id='word_1_99' title='bbox 721 1269 922 1315; x_wconf 88' lang='lat' dir='ltr'>euangelico</span> <span class='ocrx_word' id='word_1_100' title='bbox 948 1269 1006 1304; x_wconf 89' lang='lat' dir='ltr'>de-</span> 
     </span>
     <span class='ocr_line' id='line_1_19' title="bbox 299 1328 1005 1375; baseline 0 -12"><span class='ocrx_word' id='word_1_101' title='bbox 299 1329 397 1363; x_wconf 87' lang='lat' dir='ltr'>nario</span> <span class='ocrx_word' id='word_1_102' title='bbox 409 1341 469 1375; x_wconf 88' lang='lat' dir='ltr'>per</span> <span class='ocrx_word' id='word_1_103' title='bbox 479 1329 748 1363; x_wconf 83' lang='lat' dir='ltr'>similitudinem</span> <span class='ocrx_word' id='word_1_104' title='bbox 759 1328 1005 1370; x_wconf 87' lang='lat' dir='ltr'>dicitur1195,</span> 
     </span>
     <span class='ocr_line' id='line_1_20' title="bbox 302 1390 353 1424; baseline 0 -1"><span class='ocrx_word' id='word_1_105' title='bbox 302 1390 353 1424; x_wconf 91' lang='lat'>10.</span> 
     </span>
    </p>

    <p class='ocr_par' dir='ltr' id='par_1_9' title="bbox 253 1447 1006 1613">
     <span class='ocr_line' id='line_1_21' title="bbox 253 1447 1006 1494; baseline 0 -12"><span class='ocrx_word' id='word_1_106' title='bbox 253 1448 469 1494; x_wconf 87' lang='lat' dir='ltr'>depositum:</span> <span class='ocrx_word' id='word_1_107' title='bbox 494 1459 575 1482; x_wconf 89' lang='lat' dir='ltr'>nam</span> <span class='ocrx_word' id='word_1_108' title='bbox 598 1447 757 1482; x_wconf 91' lang='lat' dir='ltr'>nonnulli</span> <span class='ocrx_word' id='word_1_109' title='bbox 778 1448 914 1482; x_wconf 88' lang='lat' dir='ltr'>codices</span> <span class='ocrx_word' id='word_1_110' title='bbox 935 1458 1006 1482; x_wconf 91' lang='lat' dir='ltr'>non</span> 
     </span>
     <span class='ocr_line' id='line_1_22' title="bbox 298 1507 1006 1553; baseline 0 -11"><span class='ocrx_word' id='word_1_111' title='bbox 298 1508 431 1542; x_wconf 91' lang='lat' dir='ltr'>habent</span> <span class='ocrx_word' id='word_1_112' title='bbox 462 1508 699 1553; x_wconf 80' lang='lat' dir='ltr'>‘depositum‘,</span> <span class='ocrx_word' id='word_1_113' title='bbox 733 1508 793 1542; x_wconf 88' lang='lat' dir='ltr'>sed</span> <span class='ocrx_word' id='word_1_114' title='bbox 825 1507 921 1553; x_wconf 92' lang='lat' dir='ltr'>quod</span> <span class='ocrx_word' id='word_1_115' title='bbox 953 1510 1006 1542; x_wconf 90' lang='lat' dir='ltr'>est</span> 
     </span>
     <span class='ocr_line' id='line_1_23' title="bbox 299 1567 979 1613; baseline -0.001 -11"><span class='ocrx_word' id='word_1_116' title='bbox 299 1567 437 1613; x_wconf 86' lang='lat' dir='ltr'>planius</span> <span class='ocrx_word' id='word_1_117' title='bbox 465 1568 775 1602; x_wconf 84' lang='lat' dir='ltr'>‘commendatum‘</span> <span class='ocrx_word' id='word_1_118' title='bbox 805 1567 841 1601; x_wconf 94' lang='lat' dir='ltr'>II</span> <span class='ocrx_word' id='word_1_119' title='bbox 868 1568 922 1604; x_wconf 88' lang='grc'>91,</span> <span class='ocrx_word' id='word_1_120' title='bbox 948 1567 979 1601; x_wconf 91' lang='grc'>6.</span> 
     </span>
    </p>

    <p class='ocr_par' dir='ltr' id='par_1_10' title="bbox 255 1625 1004 1667">
     <span class='ocr_line' id='line_1_24' title="bbox 255 1625 1004 1667; baseline 0 -6"><span class='ocrx_word' id='word_1_121' title='bbox 255 1627 341 1662; x_wconf 90' lang='lat' dir='ltr'>deus</span> <span class='ocrx_word' id='word_1_122' title='bbox 359 1627 472 1662; x_wconf 90' lang='lat' dir='ltr'>bonus</span> <span class='ocrx_word' id='word_1_123' title='bbox 490 1631 525 1662; x_wconf 88' lang='lat' dir='ltr'>et</span> <span class='ocrx_word' id='word_1_124' title='bbox 543 1638 701 1662; x_wconf 89' lang='lat' dir='ltr'>summus</span> <span class='ocrx_word' id='word_1_125' title='bbox 719 1629 756 1661; x_wconf 84' lang='lat' dir='ltr'>et</span> <span class='ocrx_word' id='word_1_126' title='bbox 772 1638 876 1661; x_wconf 90' lang='lat' dir='ltr'>uerus</span> <span class='ocrx_word' id='word_1_127' title='bbox 896 1625 932 1662; x_wconf 93' lang='lat' dir='ltr'>II</span> <span class='ocrx_word' id='word_1_128' title='bbox 949 1626 1004 1667; x_wconf 93' lang='lat'>67,</span> 
     </span>
    </p>
   </div>
   <div class='ocr_carea' id='block_1_3' title="bbox 299 1685 1042 1723">
    <p class='ocr_par' dir='ltr' id='par_1_11' title="bbox 299 1685 1042 1723">
     <span class='ocr_line' id='line_1_25' title="bbox 299 1685 1042 1723; baseline 0.003 -2"><span class='ocrx_word' id='word_1_129' title='bbox 299 1689 350 1722; x_wconf 90' lang='lat'>14.</span> <span class='ocrx_word' id='word_1_130' title='bbox 373 1687 424 1721; x_wconf 89' lang='lat'>18.</span> <span class='ocrx_word' id='word_1_131' title='bbox 459 1687 543 1721; x_wconf 84' lang='lat' dir='ltr'>deus</span> <span class='ocrx_word' id='word_1_132' title='bbox 559 1686 779 1721; x_wconf 89' lang='lat' dir='ltr'>nascentium</span> <span class='ocrx_word' id='word_1_133' title='bbox 800 1685 1005 1721; x_wconf 91' lang='lat' dir='ltr'>conditor.--</span> <span class='ocrx_word' id='word_1_134' title='bbox 1040 1715 1042 1723; x_wconf 92' lang='lat'>.</span> 
     </span>
    </p>
   </div>
   <div class='ocr_carea' id='block_1_4' title="bbox 290 1745 1004 2864">
    <p class='ocr_par' dir='ltr' id='par_1_12' title="bbox 290 1745 1004 2864">
     <span class='ocr_line' id='line_1_26' title="bbox 298 1745 1003 1787; baseline -0.001 -6"><span class='ocrx_word' id='word_1_135' title='bbox 298 1747 556 1781; x_wconf 85' lang='lat' dir='ltr'>renascentium</span> <span class='ocrx_word' id='word_1_136' title='bbox 582 1746 750 1781; x_wconf 88' lang='lat' dir='ltr'>liberator</span> <span class='ocrx_word' id='word_1_137' title='bbox 778 1745 814 1780; x_wconf 94' lang='lat' dir='ltr'>II</span> <span class='ocrx_word' id='word_1_138' title='bbox 840 1745 916 1787; x_wconf 89' lang='lat'>259,</span> <span class='ocrx_word' id='word_1_139' title='bbox 945 1746 1003 1785; x_wconf 71' lang='lat'>192</span> 
     </span>
     <span class='ocr_line' id='line_1_27' title="bbox 296 1804 1003 1849; baseline -0.003 -9"><span class='ocrx_word' id='word_1_140' title='bbox 296 1807 340 1849; x_wconf 82' lang='lat' dir='ltr'>cs.</span> <span class='ocrx_word' id='word_1_141' title='bbox 365 1807 441 1847; x_wconf 97' lang='lat'>260,</span> <span class='ocrx_word' id='word_1_142' title='bbox 467 1808 496 1841; x_wconf 91' lang='lat'>1.</span> <span class='ocrx_word' id='word_1_143' title='bbox 521 1807 598 1847; x_wconf 90' lang='grc'>312,</span> <span class='ocrx_word' id='word_1_144' title='bbox 623 1806 675 1841; x_wconf 91' lang='lat'>16.</span> <span class='ocrx_word' id='word_1_145' title='bbox 712 1806 798 1840; x_wconf 89' lang='lat' dir='ltr'>deus</span> <span class='ocrx_word' id='word_1_146' title='bbox 821 1804 1003 1839; x_wconf 91' lang='lat' dir='ltr'>hominum</span> 
     </span>
     <span class='ocr_line' id='line_1_28' title="bbox 296 1864 1004 1911; baseline -0.003 -11"><span class='ocrx_word' id='word_1_147' title='bbox 296 1865 479 1911; x_wconf 87' lang='lat' dir='ltr'>copulator</span> <span class='ocrx_word' id='word_1_148' title='bbox 493 1865 529 1901; x_wconf 92' lang='lat' dir='ltr'>II</span> <span class='ocrx_word' id='word_1_149' title='bbox 540 1866 616 1906; x_wconf 90' lang='lat'>261,</span> <span class='ocrx_word' id='word_1_150' title='bbox 630 1867 683 1900; x_wconf 90' lang='lat'>12.</span> <span class='ocrx_word' id='word_1_151' title='bbox 698 1865 784 1900; x_wconf 88' lang='lat' dir='ltr'>deus</span> <span class='ocrx_word' id='word_1_152' title='bbox 796 1864 903 1899; x_wconf 90' lang='lat' dir='ltr'>maris</span> <span class='ocrx_word' id='word_1_153' title='bbox 912 1875 1004 1899; x_wconf 90' lang='lat' dir='ltr'>crea-</span> 
     </span>
     <span class='ocr_line' id='line_1_29' title="bbox 297 1924 1004 1970; baseline -0.001 -11"><span class='ocrx_word' id='word_1_154' title='bbox 297 1930 353 1959; x_wconf 86' lang='lat' dir='ltr'>tor</span> <span class='ocrx_word' id='word_1_155' title='bbox 390 1925 540 1960; x_wconf 81' lang='lat' dir='ltr'>feminae</span> <span class='ocrx_word' id='word_1_156' title='bbox 578 1924 826 1960; x_wconf 90' lang='lat' dir='ltr'>conuenientia</span> <span class='ocrx_word' id='word_1_157' title='bbox 863 1934 1004 1970; x_wconf 87' lang='lat' dir='ltr'>genera-</span> 
     </span>
     <span class='ocr_line' id='line_1_30' title="bbox 295 1982 1003 2025; baseline 0 -7"><span class='ocrx_word' id='word_1_158' title='bbox 295 1985 454 2020; x_wconf 87' lang='lat' dir='ltr'>tionibus</span> <span class='ocrx_word' id='word_1_159' title='bbox 480 1985 639 2020; x_wconf 88' lang='lat' dir='ltr'>membra</span> <span class='ocrx_word' id='word_1_160' title='bbox 665 1983 835 2019; x_wconf 78' lang='lat' dir='ltr'>formauit</span> <span class='ocrx_word' id='word_1_161' title='bbox 863 1982 899 2019; x_wconf 92' lang='lat' dir='ltr'>II</span> <span class='ocrx_word' id='word_1_162' title='bbox 927 1983 1003 2025; x_wconf 89' lang='lat'>264,</span> 
     </span>
     <span class='ocr_line' id='line_1_31' title="bbox 296 2042 1002 2085; baseline -0.001 -6"><span class='ocrx_word' id='word_1_163' title='bbox 296 2046 348 2080; x_wconf 90' lang='lat'>12.</span> <span class='ocrx_word' id='word_1_164' title='bbox 379 2045 465 2080; x_wconf 86' lang='lat' dir='ltr'>deus</span> <span class='ocrx_word' id='word_1_165' title='bbox 481 2047 606 2079; x_wconf 83' lang='lat' dir='ltr'>auctor</span> <span class='ocrx_word' id='word_1_166' title='bbox 622 2043 855 2079; x_wconf 71' lang='lat' dir='ltr'>fecunditatis</span> <span class='ocrx_word' id='word_1_167' title='bbox 873 2042 910 2078; x_wconf 94' lang='lat' dir='ltr'>II</span> <span class='ocrx_word' id='word_1_168' title='bbox 927 2043 1002 2085; x_wconf 91' lang='lat'>275,</span> 
     </span>
     <span class='ocr_line' id='line_1_32' title="bbox 296 2103 1001 2149; baseline -0.001 -10"><span class='ocrx_word' id='word_1_169' title='bbox 296 2105 349 2139; x_wconf 91' lang='lat'>25.</span> <span class='ocrx_word' id='word_1_170' title='bbox 398 2108 627 2149; x_wconf 87' lang='lat' dir='ltr'>exasperatus</span> <span class='ocrx_word' id='word_1_171' title='bbox 662 2105 749 2139; x_wconf 85' lang='lat' dir='ltr'>deus</span> <span class='ocrx_word' id='word_1_172' title='bbox 786 2103 822 2139; x_wconf 94' lang='lat' dir='ltr'>II</span> <span class='ocrx_word' id='word_1_173' title='bbox 858 2104 934 2145; x_wconf 88' lang='lat'>281,</span> <span class='ocrx_word' id='word_1_174' title='bbox 969 2104 1001 2139; x_wconf 90' lang='lat'>3.</span> 
     </span>
     <span class='ocr_line' id='line_1_33' title="bbox 294 2162 1001 2209; baseline -0.001 -11"><span class='ocrx_word' id='word_1_175' title='bbox 294 2164 380 2198; x_wconf 89' lang='lat' dir='ltr'>deus</span> <span class='ocrx_word' id='word_1_176' title='bbox 404 2175 464 2209; x_wconf 87' lang='lat' dir='ltr'>per</span> <span class='ocrx_word' id='word_1_177' title='bbox 488 2164 666 2198; x_wconf 91' lang='lat' dir='ltr'>hominem</span> <span class='ocrx_word' id='word_1_178' title='bbox 690 2163 785 2198; x_wconf 83' lang='lat' dir='ltr'>dixit-</span> <span class='ocrx_word' id='word_1_179' title='bbox 810 2162 846 2198; x_wconf 97' lang='lat' dir='ltr'>II</span> <span class='ocrx_word' id='word_1_180' title='bbox 870 2163 946 2204; x_wconf 90' lang='grc'>264,</span> <span class='ocrx_word' id='word_1_181' title='bbox 970 2162 1001 2197; x_wconf 92' lang='grc'><strong>6.</strong></span> 
     </span>
     <span class='ocr_line' id='line_1_34' title="bbox 293 2221 1003 2258; baseline -0.003 0"><span class='ocrx_word' id='word_1_182' title='bbox 293 2224 380 2258; x_wconf 89' lang='lat' dir='ltr'>deus</span> <span class='ocrx_word' id='word_1_183' title='bbox 407 2224 449 2258; x_wconf 91' lang='lat' dir='ltr'>de</span> <span class='ocrx_word' id='word_1_184' title='bbox 478 2223 642 2258; x_wconf 91' lang='lat' dir='ltr'>humanis</span> <span class='ocrx_word' id='word_1_185' title='bbox 670 2222 864 2257; x_wconf 92' lang='lat' dir='ltr'>seminibus</span> <span class='ocrx_word' id='word_1_186' title='bbox 892 2221 1003 2257; x_wconf 91' lang='lat' dir='ltr'>homi-</span> 
     </span>
     <span class='ocr_line' id='line_1_35' title="bbox 295 2282 1003 2328; baseline -0.001 -11"><span class='ocrx_word' id='word_1_187' title='bbox 295 2293 375 2318; x_wconf 88' lang='lat' dir='ltr'>nem</span> <span class='ocrx_word' id='word_1_188' title='bbox 399 2286 566 2328; x_wconf 84' lang='lat' dir='ltr'>operatur</span> <span class='ocrx_word' id='word_1_189' title='bbox 590 2282 626 2317; x_wconf 89' lang='lat'>11</span> <span class='ocrx_word' id='word_1_190' title='bbox 650 2283 726 2324; x_wconf 88' lang='grc'>282,</span> <span class='ocrx_word' id='word_1_191' title='bbox 751 2283 804 2317; x_wconf 91' lang='grc'>21.</span> <span class='ocrx_word' id='word_1_192' title='bbox 841 2282 927 2317; x_wconf 90' lang='lat' dir='ltr'>deus</span> <span class='ocrx_word' id='word_1_193' title='bbox 949 2284 1003 2316; x_wconf 83' lang='lat' dir='ltr'>est</span> 
     </span>
     <span class='ocr_line' id='line_1_36' title="bbox 294 2341 1000 2383; baseline -0.003 -6"><span class='ocrx_word' id='word_1_194' title='bbox 294 2345 419 2377; x_wconf 86' lang='lat' dir='ltr'>auctor</span> <span class='ocrx_word' id='word_1_195' title='bbox 440 2346 589 2377; x_wconf 89' lang='lat' dir='ltr'>naturae</span> <span class='ocrx_word' id='word_1_196' title='bbox 613 2341 648 2378; x_wconf 93' lang='lat' dir='ltr'>II</span> <span class='ocrx_word' id='word_1_197' title='bbox 671 2343 747 2383; x_wconf 88' lang='lat'>286,</span> <span class='ocrx_word' id='word_1_198' title='bbox 772 2343 823 2378; x_wconf 91' lang='lat'>13.</span> <span class='ocrx_word' id='word_1_199' title='bbox 848 2342 924 2383; x_wconf 89' lang='grc'>293,</span> <span class='ocrx_word' id='word_1_200' title='bbox 948 2342 1000 2376; x_wconf 94' lang='grc'>12.</span> 
     </span>
     <span class='ocr_line' id='line_1_37' title="bbox 292 2399 1002 2447; baseline -0.003 -10"><span class='ocrx_word' id='word_1_201' title='bbox 292 2403 377 2437; x_wconf 87' lang='lat' dir='ltr'>deus</span> <span class='ocrx_word' id='word_1_202' title='bbox 395 2401 488 2437; x_wconf 92' lang='lat' dir='ltr'>solus</span> <span class='ocrx_word' id='word_1_203' title='bbox 505 2401 726 2436; x_wconf 90' lang='lat' dir='ltr'>inmutabilis</span> <span class='ocrx_word' id='word_1_204' title='bbox 744 2404 781 2436; x_wconf 91' lang='lat' dir='ltr'>et</span> <span class='ocrx_word' id='word_1_205' title='bbox 798 2399 1002 2447; x_wconf 88' lang='lat' dir='ltr'>potentissi-</span> 
     </span>
     <span class='ocr_line' id='line_1_38' title="bbox 291 2461 1002 2506; baseline -0.003 -10"><span class='ocrx_word' id='word_1_206' title='bbox 291 2473 370 2497; x_wconf 85' lang='lat' dir='ltr'>mae</span> <span class='ocrx_word' id='word_1_207' title='bbox 390 2461 566 2496; x_wconf 81' lang='lat' dir='ltr'>bonitatis</span> <span class='ocrx_word' id='word_1_208' title='bbox 589 2461 624 2496; x_wconf 89' lang='grc' dir='ltr'>ΙΙ</span> <span class='ocrx_word' id='word_1_209' title='bbox 644 2462 722 2503; x_wconf 88' lang='lat'>304,</span> <span class='ocrx_word' id='word_1_210' title='bbox 746 2462 797 2496; x_wconf 92' lang='grc'>11.</span> <span class='ocrx_word' id='word_1_211' title='bbox 833 2461 919 2496; x_wconf 91' lang='lat' dir='ltr'>deus</span> <span class='ocrx_word' id='word_1_212' title='bbox 939 2470 1002 2506; x_wconf 91' lang='lat' dir='ltr'>pu—</span> 
     </span>
     <span class='ocr_line' id='line_1_39' title="bbox 290 2518 1003 2566; baseline -0.003 -10"><span class='ocrx_word' id='word_1_213' title='bbox 290 2521 390 2556; x_wconf 91' lang='lat' dir='ltr'>niens</span> <span class='ocrx_word' id='word_1_214' title='bbox 405 2521 466 2563; x_wconf 85' lang='lat'>15,</span> <span class='ocrx_word' id='word_1_215' title='bbox 481 2522 534 2557; x_wconf 92' lang='lat'>21.</span> <span class='ocrx_word' id='word_1_216' title='bbox 561 2520 824 2566; x_wconf 87' lang='lat' dir='ltr'>omnipotentia</span> <span class='ocrx_word' id='word_1_217' title='bbox 836 2518 1003 2555; x_wconf 74' lang='lat' dir='ltr'>creatoris</span> 
     </span>
     <span class='ocr_line' id='line_1_40' title="bbox 290 2579 1002 2626; baseline -0.003 -11"><span class='ocrx_word' id='word_1_218' title='bbox 290 2584 432 2626; x_wconf 85' lang='lat' dir='ltr'>poterat</span> <span class='ocrx_word' id='word_1_219' title='bbox 462 2591 547 2615; x_wconf 85' lang='lat' dir='ltr'>mox</span> <span class='ocrx_word' id='word_1_220' title='bbox 578 2580 695 2616; x_wconf 87' lang='lat' dir='ltr'>editos</span> <span class='ocrx_word' id='word_1_221' title='bbox 727 2579 822 2614; x_wconf 82' lang='lat' dir='ltr'>filios</span> <span class='ocrx_word' id='word_1_222' title='bbox 854 2579 1002 2626; x_wconf 86' lang='lat' dir='ltr'>grandes</span> 
     </span>
     <span class='ocr_line' id='line_1_41' title="bbox 290 2637 1003 2686; baseline -0.004 -11"><span class='ocrx_word' id='word_1_223' title='bbox 290 2640 452 2686; x_wconf 86' lang='lat' dir='ltr'>protinus</span> <span class='ocrx_word' id='word_1_224' title='bbox 476 2640 589 2675; x_wconf 76' lang='lat' dir='ltr'>facere</span> <span class='ocrx_word' id='word_1_225' title='bbox 617 2639 632 2674; x_wconf 93' lang='grc' dir='ltr'>Ι</span> <span class='ocrx_word' id='word_1_226' title='bbox 657 2640 712 2683; x_wconf 91' lang='grc'>69,</span> <span class='ocrx_word' id='word_1_227' title='bbox 739 2639 791 2675; x_wconf 87' lang='grc'><strong>16.</strong></span> <span class='ocrx_word' id='word_1_228' title='bbox 830 2639 916 2674; x_wconf 89' lang='lat' dir='ltr'>deus</span> <span class='ocrx_word' id='word_1_229' title='bbox 941 2637 1003 2684; x_wconf 94' lang='lat' dir='ltr'>qui</span> 
     </span>
     <span class='ocr_line' id='line_1_42' title="bbox 290 2697 1000 2740; baseline -0.004 -5"><span class='ocrx_word' id='word_1_230' title='bbox 290 2700 352 2735; x_wconf 88' lang='lat' dir='ltr'>lux</span> <span class='ocrx_word' id='word_1_231' title='bbox 375 2703 429 2735; x_wconf 87' lang='lat' dir='ltr'>est</span> <span class='ocrx_word' id='word_1_232' title='bbox 452 2699 605 2735; x_wconf 90' lang='lat' dir='ltr'>hominis</span> <span class='ocrx_word' id='word_1_233' title='bbox 626 2698 806 2734; x_wconf 82' lang='lat' dir='ltr'>interioris</span> <span class='ocrx_word' id='word_1_234' title='bbox 830 2698 846 2733; x_wconf 97' lang='lat' dir='ltr'>I</span> <span class='ocrx_word' id='word_1_235' title='bbox 869 2698 923 2740; x_wconf 82' lang='lat'>75,</span> <span class='ocrx_word' id='word_1_236' title='bbox 948 2697 1000 2733; x_wconf 91' lang='grc'>15.</span> 
     </span>
     <span class='ocr_line' id='line_1_43' title="bbox 291 2756 1002 2805; baseline -0.004 -11"><span class='ocrx_word' id='word_1_237' title='bbox 291 2760 378 2795; x_wconf 90' lang='lat' dir='ltr'>deus</span> <span class='ocrx_word' id='word_1_238' title='bbox 393 2769 571 2794; x_wconf 90' lang='lat' dir='ltr'>summum</span> <span class='ocrx_word' id='word_1_239' title='bbox 587 2761 696 2805; x_wconf 89' lang='lat' dir='ltr'>atque</span> <span class='ocrx_word' id='word_1_240' title='bbox 711 2756 1002 2794; x_wconf 84' lang='lat' dir='ltr'>incommutabile</span> 
     </span>
     <span class='ocr_line' id='line_1_44' title="bbox 290 2817 1002 2864; baseline -0.003 -11"><span class='ocrx_word' id='word_1_241' title='bbox 290 2819 422 2853; x_wconf 88' lang='lat' dir='ltr'>bonum</span> <span class='ocrx_word' id='word_1_242' title='bbox 458 2822 495 2854; x_wconf 89' lang='lat' dir='ltr'>et</span> <span class='ocrx_word' id='word_1_243' title='bbox 527 2821 653 2854; x_wconf 83' lang='lat' dir='ltr'>auctor</span> <span class='ocrx_word' id='word_1_244' title='bbox 690 2817 1002 2864; x_wconf 85' lang='lat' dir='ltr'>qualiumcumque</span> 
     </span>
    </p>
   </div>
   <div class='ocr_carea' id='block_1_5' title="bbox 1040 661 1050 1582">
    <p class='ocr_par' dir='ltr' id='par_1_13' title="bbox 1040 661 1050 1582">
     <span class='ocr_line' id='line_1_45' title="bbox 1040 661 1050 1582; baseline 0 0"><span class='ocrx_word' id='word_1_245' title='bbox 1040 661 1050 1582; x_wconf 95' lang='lat' dir='ltr'> </span> 
     </span>
    </p>
   </div>
   <div class='ocr_carea' id='block_1_6' title="bbox 1035 1726 1044 2680">
    <p class='ocr_par' dir='ltr' id='par_1_14' title="bbox 1035 1726 1044 2680">
     <span class='ocr_line' id='line_1_46' title="bbox 1035 1726 1044 2680; baseline 0 0"><span class='ocrx_word' id='word_1_246' title='bbox 1035 1726 1044 2680; x_wconf 95' lang='lat' dir='ltr'> </span> 
     </span>
    </p>
   </div>
   <div class='ocr_carea' id='block_1_7' title="bbox 754 195 1357 233">
    <p class='ocr_par' dir='ltr' id='par_1_15' title="bbox 754 195 1357 233">
     <span class='ocr_line' id='line_1_47' title="bbox 754 195 1357 233; baseline 0.003 -2"><span class='ocrx_word' id='word_1_247' title='bbox 754 196 800 232; x_wconf 94' lang='lat' dir='ltr'>II.</span> <span class='ocrx_word' id='word_1_248' title='bbox 829 195 941 232; x_wconf 82' lang='lat' dir='ltr'>Index</span> <span class='ocrx_word' id='word_1_249' title='bbox 964 196 1147 232; x_wconf 86' lang='lat' dir='ltr'>nominum</span> <span class='ocrx_word' id='word_1_250' title='bbox 1171 199 1209 232; x_wconf 88' lang='lat' dir='ltr'>et</span> <span class='ocrx_word' id='word_1_251' title='bbox 1232 206 1357 233; x_wconf 86' lang='lat' dir='ltr'>rerum.</span> 
     </span>
    </p>
   </div>
   <div class='ocr_carea' id='block_1_8' title="bbox 1078 315 1840 2860">
    <p class='ocr_par' dir='ltr' id='par_1_16' title="bbox 1078 315 1840 2860">
     <span class='ocr_line' id='line_1_48' title="bbox 1135 315 1840 360; baseline 0.007 -10"><span class='ocrx_word' id='word_1_252' title='bbox 1135 315 1307 350; x_wconf 91' lang='lat' dir='ltr'>bonorum</span> <span class='ocrx_word' id='word_1_253' title='bbox 1337 316 1496 351; x_wconf 90' lang='lat' dir='ltr'>omnium</span> <span class='ocrx_word' id='word_1_254' title='bbox 1529 316 1545 352; x_wconf 95' lang='lat' dir='ltr'>I</span> <span class='ocrx_word' id='word_1_255' title='bbox 1576 318 1652 360; x_wconf 92' lang='lat'>100,</span> <span class='ocrx_word' id='word_1_256' title='bbox 1685 319 1736 354; x_wconf 91' lang='lat'>13.</span> <span class='ocrx_word' id='word_1_257' title='bbox 1781 319 1840 354; x_wconf 89' lang='lat' dir='ltr'>de-</span> 
     </span>
     <span class='ocr_line' id='line_1_49' title="bbox 1134 375 1839 424; baseline 0.006 -15"><span class='ocrx_word' id='word_1_258' title='bbox 1134 375 1278 410; x_wconf 86' lang='lat' dir='ltr'>lectatio</span> <span class='ocrx_word' id='word_1_259' title='bbox 1293 375 1505 422; x_wconf 88' lang='lat' dir='ltr'>dilectioque</span> <span class='ocrx_word' id='word_1_260' title='bbox 1519 376 1575 411; x_wconf 91' lang='lat' dir='ltr'>dei</span> <span class='ocrx_word' id='word_1_261' title='bbox 1589 377 1718 412; x_wconf 89' lang='lat' dir='ltr'>summi</span> <span class='ocrx_word' id='word_1_262' title='bbox 1731 381 1839 424; x_wconf 85' lang='lat' dir='ltr'>atque</span> 
     </span>
     <span class='ocr_line' id='line_1_50' title="bbox 1134 434 1837 478; baseline 0.006 -9"><span class='ocrx_word' id='word_1_263' title='bbox 1134 434 1435 471; x_wconf 88' lang='lat' dir='ltr'>incommutabilis</span> <span class='ocrx_word' id='word_1_264' title='bbox 1477 435 1560 471; x_wconf 92' lang='lat' dir='ltr'>boni</span> <span class='ocrx_word' id='word_1_265' title='bbox 1605 435 1621 471; x_wconf 95' lang='lat' dir='ltr'>I</span> <span class='ocrx_word' id='word_1_266' title='bbox 1665 437 1740 478; x_wconf 85' lang='lat'>157,</span> <span class='ocrx_word' id='word_1_267' title='bbox 1786 439 1837 473; x_wconf 90' lang='grc'><strong>14.</strong></span> 
     </span>
     <span class='ocr_line' id='line_1_51' title="bbox 1132 494 1839 532; baseline 0.003 -3"><span class='ocrx_word' id='word_1_268' title='bbox 1132 494 1316 530; x_wconf 91' lang='lat' dir='ltr'>dominum</span> <span class='ocrx_word' id='word_1_269' title='bbox 1327 495 1432 530; x_wconf 89' lang='lat' dir='ltr'>deum</span> <span class='ocrx_word' id='word_1_270' title='bbox 1444 495 1575 531; x_wconf 89' lang='lat' dir='ltr'>bonum</span> <span class='ocrx_word' id='word_1_271' title='bbox 1587 495 1695 530; x_wconf 89' lang='lat' dir='ltr'>etiam</span> <span class='ocrx_word' id='word_1_272' title='bbox 1707 497 1839 532; x_wconf 86' lang='lat' dir='ltr'>sanctis</span> 
     </span>
     <span class='ocr_line' id='line_1_52' title="bbox 1131 554 1838 602; baseline 0.003 -13"><span class='ocrx_word' id='word_1_273' title='bbox 1131 554 1204 589; x_wconf 85' lang='lat' dir='ltr'>suis</span> <span class='ocrx_word' id='word_1_274' title='bbox 1228 554 1376 590; x_wconf 88' lang='lat' dir='ltr'>alicuius</span> <span class='ocrx_word' id='word_1_275' title='bbox 1401 555 1515 601; x_wconf 90' lang='lat' dir='ltr'>operis</span> <span class='ocrx_word' id='word_1_276' title='bbox 1539 555 1625 590; x_wconf 90' lang='lat' dir='ltr'>iusti</span> <span class='ocrx_word' id='word_1_277' title='bbox 1648 555 1838 602; x_wconf 90' lang='lat' dir='ltr'>aliquando</span> 
     </span>
     <span class='ocr_line' id='line_1_53' title="bbox 1132 614 1838 658; baseline 0.004 -10"><span class='ocrx_word' id='word_1_278' title='bbox 1132 625 1201 649; x_wconf 89' lang='lat' dir='ltr'>non</span> <span class='ocrx_word' id='word_1_279' title='bbox 1212 614 1365 649; x_wconf 86' lang='lat' dir='ltr'>tribuere</span> <span class='ocrx_word' id='word_1_280' title='bbox 1377 618 1508 649; x_wconf 89' lang='lat' dir='ltr'>certam</span> <span class='ocrx_word' id='word_1_281' title='bbox 1525 614 1709 650; x_wconf 86' lang='lat' dir='ltr'>scientiam</span> <span class='ocrx_word' id='word_1_282' title='bbox 1729 615 1744 650; x_wconf 94' lang='grc' dir='ltr'>Ι</span> <span class='ocrx_word' id='word_1_283' title='bbox 1762 617 1838 658; x_wconf 89' lang='grc'>103,</span> 
     </span>
     <span class='ocr_line' id='line_1_54' title="bbox 1134 674 1838 723; baseline 0.001 -14"><span class='ocrx_word' id='word_1_284' title='bbox 1134 675 1184 709; x_wconf 93' lang='lat'>13.</span> <span class='ocrx_word' id='word_1_285' title='bbox 1219 674 1324 709; x_wconf 89' lang='lat' dir='ltr'>deum</span> <span class='ocrx_word' id='word_1_286' title='bbox 1344 685 1416 709; x_wconf 89' lang='lat' dir='ltr'>non</span> <span class='ocrx_word' id='word_1_287' title='bbox 1434 674 1608 709; x_wconf 88' lang='lat' dir='ltr'>iniustum</span> <span class='ocrx_word' id='word_1_288' title='bbox 1628 685 1702 709; x_wconf 91' lang='lat' dir='ltr'>esse</span> <span class='ocrx_word' id='word_1_289' title='bbox 1724 674 1739 709; x_wconf 96' lang='lat' dir='ltr'>I</span> <span class='ocrx_word' id='word_1_290' title='bbox 1761 677 1838 723; x_wconf 92' lang='lat'>234,</span> 
     </span>
     <span class='ocr_line' id='line_1_55' title="bbox 1133 734 1838 769; baseline 0.001 -1"><span class='ocrx_word' id='word_1_291' title='bbox 1133 735 1184 769; x_wconf 92' lang='grc'>11.</span> <span class='ocrx_word' id='word_1_292' title='bbox 1226 734 1313 768; x_wconf 92' lang='lat' dir='ltr'>deus</span> <span class='ocrx_word' id='word_1_293' title='bbox 1341 738 1488 768; x_wconf 90' lang='lat' dir='ltr'>naturae</span> <span class='ocrx_word' id='word_1_294' title='bbox 1516 745 1675 769; x_wconf 92' lang='lat' dir='ltr'>summus</span> <span class='ocrx_word' id='word_1_295' title='bbox 1702 739 1838 769; x_wconf 86' lang='lat' dir='ltr'>creator</span> 
     </span>
     <span class='ocr_line' id='line_1_56' title="bbox 1130 793 1838 836; baseline 0.001 -9"><span class='ocrx_word' id='word_1_296' title='bbox 1130 796 1166 828; x_wconf 89' lang='lat' dir='ltr'>et</span> <span class='ocrx_word' id='word_1_297' title='bbox 1192 793 1323 828; x_wconf 86' lang='lat' dir='ltr'>artifex</span> <span class='ocrx_word' id='word_1_298' title='bbox 1352 793 1367 827; x_wconf 93' lang='lat' dir='ltr'>I</span> <span class='ocrx_word' id='word_1_299' title='bbox 1394 794 1471 836; x_wconf 89' lang='lat'>235,</span> <span class='ocrx_word' id='word_1_300' title='bbox 1500 794 1552 828; x_wconf 92' lang='lat'>12.</span> <span class='ocrx_word' id='word_1_301' title='bbox 1592 804 1732 828; x_wconf 88' lang='lat' dir='ltr'>summa</span> <span class='ocrx_word' id='word_1_302' title='bbox 1757 794 1838 829; x_wconf 92' lang='lat' dir='ltr'>sub-</span> 
     </span>
     <span class='ocr_line' id='line_1_57' title="bbox 1129 852 1838 888; baseline 0.001 -1"><span class='ocrx_word' id='word_1_303' title='bbox 1129 852 1265 887; x_wconf 90' lang='lat' dir='ltr'>stantia</span> <span class='ocrx_word' id='word_1_304' title='bbox 1277 856 1313 887; x_wconf 93' lang='lat' dir='ltr'>et</span> <span class='ocrx_word' id='word_1_305' title='bbox 1326 853 1420 887; x_wconf 89' lang='lat' dir='ltr'>solus</span> <span class='ocrx_word' id='word_1_306' title='bbox 1434 864 1536 887; x_wconf 92' lang='lat' dir='ltr'>uerus</span> <span class='ocrx_word' id='word_1_307' title='bbox 1550 853 1733 888; x_wconf 88' lang='lat' dir='ltr'>rationalis</span> <span class='ocrx_word' id='word_1_308' title='bbox 1746 864 1838 888; x_wconf 88' lang='lat' dir='ltr'>crea-</span> 
     </span>
     <span class='ocr_line' id='line_1_58' title="bbox 1130 912 1836 959; baseline 0.001 -13"><span class='ocrx_word' id='word_1_309' title='bbox 1130 916 1229 947; x_wconf 88' lang='lat' dir='ltr'>turae</span> <span class='ocrx_word' id='word_1_310' title='bbox 1249 912 1349 947; x_wconf 86' lang='lat' dir='ltr'>cibus</span> <span class='ocrx_word' id='word_1_311' title='bbox 1371 912 1386 947; x_wconf 97' lang='lat' dir='ltr'>I</span> <span class='ocrx_word' id='word_1_312' title='bbox 1406 913 1482 954; x_wconf 90' lang='lat'>248,</span> <span class='ocrx_word' id='word_1_313' title='bbox 1503 913 1534 948; x_wconf 90' lang='grc'>8.</span> <span class='ocrx_word' id='word_1_314' title='bbox 1568 913 1654 948; x_wconf 90' lang='lat' dir='ltr'>deus</span> <span class='ocrx_word' id='word_1_315' title='bbox 1673 923 1735 959; x_wconf 90' lang='lat' dir='ltr'>per</span> <span class='ocrx_word' id='word_1_316' title='bbox 1753 924 1836 959; x_wconf 89' lang='lat' dir='ltr'>apo-</span> 
     </span>
     <span class='ocr_line' id='line_1_59' title="bbox 1129 971 1836 1018; baseline 0 -12"><span class='ocrx_word' id='word_1_317' title='bbox 1129 971 1260 1006; x_wconf 91' lang='lat' dir='ltr'>stolum</span> <span class='ocrx_word' id='word_1_318' title='bbox 1277 972 1381 1007; x_wconf 89' lang='lat' dir='ltr'>docet</span> <span class='ocrx_word' id='word_1_319' title='bbox 1399 971 1415 1006; x_wconf 97' lang='grc' dir='ltr'><strong>Ι</strong></span> <span class='ocrx_word' id='word_1_320' title='bbox 1430 972 1508 1014; x_wconf 88' lang='grc'>325,</span> <span class='ocrx_word' id='word_1_321' title='bbox 1525 972 1556 1007; x_wconf 88' lang='grc'>5.</span> <span class='ocrx_word' id='word_1_322' title='bbox 1587 973 1652 1008; x_wconf 90' lang='lat' dir='ltr'>deo</span> <span class='ocrx_word' id='word_1_323' title='bbox 1669 983 1742 1007; x_wconf 90' lang='lat' dir='ltr'>esse</span> <span class='ocrx_word' id='word_1_324' title='bbox 1759 983 1836 1018; x_wconf 90' lang='lat' dir='ltr'>pos-</span> 
     </span>
     <span class='ocr_line' id='line_1_60' title="bbox 1127 1031 1838 1077; baseline 0.001 -12"><span class='ocrx_word' id='word_1_325' title='bbox 1127 1031 1335 1066; x_wconf 87' lang='lat' dir='ltr'>sibilitatem</span> <span class='ocrx_word' id='word_1_326' title='bbox 1365 1042 1436 1077; x_wconf 89' lang='lat' dir='ltr'>qua</span> <span class='ocrx_word' id='word_1_327' title='bbox 1465 1031 1631 1067; x_wconf 86' lang='lat' dir='ltr'>uoluntas</span> <span class='ocrx_word' id='word_1_328' title='bbox 1660 1031 1711 1067; x_wconf 91' lang='lat' dir='ltr'>sic</span> <span class='ocrx_word' id='word_1_329' title='bbox 1739 1032 1838 1066; x_wconf 90' lang='lat' dir='ltr'>adiu-</span> 
     </span>
     <span class='ocr_line' id='line_1_61' title="bbox 1127 1091 1838 1133; baseline 0 -7"><span class='ocrx_word' id='word_1_330' title='bbox 1127 1095 1231 1126; x_wconf 88' lang='lat' dir='ltr'>uetur</span> <span class='ocrx_word' id='word_1_331' title='bbox 1248 1092 1414 1133; x_wconf 85' lang='lat' dir='ltr'>humana,</span> <span class='ocrx_word' id='word_1_332' title='bbox 1435 1094 1476 1126; x_wconf 87' lang='lat' dir='ltr'>ut</span> <span class='ocrx_word' id='word_1_333' title='bbox 1493 1091 1602 1126; x_wconf 84' lang='lat' dir='ltr'>etiam</span> <span class='ocrx_word' id='word_1_334' title='bbox 1620 1091 1680 1126; x_wconf 92' lang='lat' dir='ltr'>illa</span> <span class='ocrx_word' id='word_1_335' title='bbox 1696 1091 1838 1126; x_wconf 87' lang='lat' dir='ltr'>iustitia</span> 
     </span>
     <span class='ocr_line' id='line_1_62' title="bbox 1125 1151 1837 1197; baseline 0 -12"><span class='ocrx_word' id='word_1_336' title='bbox 1125 1151 1342 1196; x_wconf 80' lang='lat' dir='ltr'>perficiatur,</span> <span class='ocrx_word' id='word_1_337' title='bbox 1366 1151 1559 1186; x_wconf 89' lang='lat' dir='ltr'>secundum</span> <span class='ocrx_word' id='word_1_338' title='bbox 1583 1162 1689 1197; x_wconf 92' lang='lat' dir='ltr'>quam</span> <span class='ocrx_word' id='word_1_339' title='bbox 1715 1155 1837 1196; x_wconf 89' lang='lat' dir='ltr'>postea</span> 
     </span>
     <span class='ocr_line' id='line_1_63' title="bbox 1124 1210 1836 1256; baseline 0.001 -12"><span class='ocrx_word' id='word_1_340' title='bbox 1124 1211 1162 1245; x_wconf 92' lang='lat' dir='ltr'>in</span> <span class='ocrx_word' id='word_1_341' title='bbox 1186 1215 1369 1246; x_wconf 87' lang='lat' dir='ltr'>aeternum</span> <span class='ocrx_word' id='word_1_342' title='bbox 1393 1210 1431 1245; x_wconf 90' lang='lat' dir='ltr'>in</span> <span class='ocrx_word' id='word_1_343' title='bbox 1455 1210 1511 1245; x_wconf 90' lang='lat' dir='ltr'>dei</span> <span class='ocrx_word' id='word_1_344' title='bbox 1536 1210 1836 1256; x_wconf 89' lang='lat' dir='ltr'>contemplatione</span> 
     </span>
     <span class='ocr_line' id='line_1_64' title="bbox 1125 1270 1834 1316; baseline 0 -12"><span class='ocrx_word' id='word_1_345' title='bbox 1125 1270 1225 1305; x_wconf 86' lang='lat' dir='ltr'>uiuet</span> <span class='ocrx_word' id='word_1_346' title='bbox 1246 1270 1261 1304; x_wconf 95' lang='lat' dir='ltr'>I</span> <span class='ocrx_word' id='word_1_347' title='bbox 1281 1271 1358 1312; x_wconf 91' lang='lat'>228,</span> <span class='ocrx_word' id='word_1_348' title='bbox 1378 1270 1409 1305; x_wconf 89' lang='lat'>9.</span> <span class='ocrx_word' id='word_1_349' title='bbox 1443 1271 1529 1305; x_wconf 91' lang='lat' dir='ltr'>deus</span> <span class='ocrx_word' id='word_1_350' title='bbox 1547 1274 1649 1316; x_wconf 86' lang='lat' dir='ltr'>pater</span> <span class='ocrx_word' id='word_1_351' title='bbox 1670 1270 1686 1304; x_wconf 95' lang='lat' dir='ltr'>I</span> <span class='ocrx_word' id='word_1_352' title='bbox 1704 1271 1783 1311; x_wconf 88' lang='lat'>349,</span> <span class='ocrx_word' id='word_1_353' title='bbox 1803 1271 1834 1305; x_wconf 88' lang='lat'>3.</span> 
     </span>
     <span class='ocr_line' id='line_1_65' title="bbox 1124 1329 1835 1372; baseline -0.001 -7"><span class='ocrx_word' id='word_1_354' title='bbox 1124 1330 1201 1371; x_wconf 87' lang='lat'>350,</span> <span class='ocrx_word' id='word_1_355' title='bbox 1222 1331 1275 1365; x_wconf 90' lang='lat'>21.</span> <span class='ocrx_word' id='word_1_356' title='bbox 1309 1330 1395 1365; x_wconf 92' lang='lat' dir='ltr'>deus</span> <span class='ocrx_word' id='word_1_357' title='bbox 1413 1333 1467 1365; x_wconf 88' lang='lat' dir='ltr'>est</span> <span class='ocrx_word' id='word_1_358' title='bbox 1485 1329 1628 1365; x_wconf 86' lang='lat' dir='ltr'>trinitas</span> <span class='ocrx_word' id='word_1_359' title='bbox 1649 1329 1665 1364; x_wconf 96' lang='grc' dir='ltr'>Ι</span> <span class='ocrx_word' id='word_1_360' title='bbox 1683 1330 1761 1372; x_wconf 88' lang='grc'>385,</span> <span class='ocrx_word' id='word_1_361' title='bbox 1783 1331 1835 1365; x_wconf 90' lang='lat'>18.</span> 
     </span>
     <span class='ocr_line' id='line_1_66' title="bbox 1124 1389 1835 1424; baseline 0 -1"><span class='ocrx_word' id='word_1_362' title='bbox 1124 1389 1211 1424; x_wconf 91' lang='lat' dir='ltr'>deus</span> <span class='ocrx_word' id='word_1_363' title='bbox 1250 1389 1450 1424; x_wconf 89' lang='lat' dir='ltr'>animarum</span> <span class='ocrx_word' id='word_1_364' title='bbox 1490 1392 1691 1424; x_wconf 89' lang='lat' dir='ltr'>nostrarum</span> <span class='ocrx_word' id='word_1_365' title='bbox 1731 1389 1835 1424; x_wconf 89' lang='lat' dir='ltr'>dator</span> 
     </span>
     <span class='ocr_line' id='line_1_67' title="bbox 1125 1448 1833 1490; baseline -0.001 -7"><span class='ocrx_word' id='word_1_366' title='bbox 1125 1452 1262 1483; x_wconf 87' lang='lat' dir='ltr'>creator</span> <span class='ocrx_word' id='word_1_367' title='bbox 1291 1449 1463 1483; x_wconf 77' lang='lat' dir='ltr'>fonnator</span> <span class='ocrx_word' id='word_1_368' title='bbox 1496 1448 1511 1483; x_wconf 93' lang='lat' dir='ltr'>I</span> <span class='ocrx_word' id='word_1_369' title='bbox 1540 1449 1618 1490; x_wconf 89' lang='lat'>394,</span> <span class='ocrx_word' id='word_1_370' title='bbox 1651 1450 1703 1484; x_wconf 88' lang='lat'>14.</span> <span class='ocrx_word' id='word_1_371' title='bbox 1747 1449 1833 1483; x_wconf 87' lang='lat' dir='ltr'>deus</span> 
     </span>
     <span class='ocr_line' id='line_1_68' title="bbox 1123 1507 1836 1553; baseline 0 -11"><span class='ocrx_word' id='word_1_372' title='bbox 1123 1508 1380 1553; x_wconf 89' lang='lat' dir='ltr'>omnipotentis</span> <span class='ocrx_word' id='word_1_373' title='bbox 1419 1511 1456 1542; x_wconf 91' lang='lat' dir='ltr'>et</span> <span class='ocrx_word' id='word_1_374' title='bbox 1494 1507 1716 1543; x_wconf 90' lang='lat' dir='ltr'>inmutabilis</span> <span class='ocrx_word' id='word_1_375' title='bbox 1755 1508 1836 1542; x_wconf 91' lang='lat' dir='ltr'>sub-</span> 
     </span>
     <span class='ocr_line' id='line_1_69' title="bbox 1125 1567 1836 1609; baseline -0.001 -7"><span class='ocrx_word' id='word_1_376' title='bbox 1125 1567 1280 1602; x_wconf 86' lang='lat' dir='ltr'>stantiae</span> <span class='ocrx_word' id='word_1_377' title='bbox 1314 1567 1329 1603; x_wconf 95' lang='lat' dir='ltr'>I</span> <span class='ocrx_word' id='word_1_378' title='bbox 1360 1568 1438 1609; x_wconf 91' lang='lat'>398,</span> <span class='ocrx_word' id='word_1_379' title='bbox 1472 1569 1524 1602; x_wconf 95' lang='grc'>11.</span> <span class='ocrx_word' id='word_1_380' title='bbox 1569 1567 1655 1602; x_wconf 90' lang='lat' dir='ltr'>deus</span> <span class='ocrx_word' id='word_1_381' title='bbox 1686 1570 1836 1602; x_wconf 87' lang='lat' dir='ltr'>uocatur</span> 
     </span>
     <span class='ocr_line' id='line_1_70' title="bbox 1124 1626 1834 1672; baseline -0.001 -10"><span class='ocrx_word' id='word_1_382' title='bbox 1124 1627 1271 1672; x_wconf 87' lang='lat' dir='ltr'>spiritus</span> <span class='ocrx_word' id='word_1_383' title='bbox 1294 1626 1310 1662; x_wconf 91' lang='lat' dir='ltr'>I</span> <span class='ocrx_word' id='word_1_384' title='bbox 1332 1628 1409 1669; x_wconf 90' lang='lat'>417,</span> <span class='ocrx_word' id='word_1_385' title='bbox 1432 1629 1463 1662; x_wconf 95' lang='lat'>4.</span> <span class='ocrx_word' id='word_1_386' title='bbox 1500 1627 1586 1662; x_wconf 90' lang='lat' dir='ltr'>deus</span> <span class='ocrx_word' id='word_1_387' title='bbox 1609 1626 1741 1661; x_wconf 87' lang='lat' dir='ltr'>Israhel</span> <span class='ocrx_word' id='word_1_388' title='bbox 1765 1626 1780 1661; x_wconf 90' lang='lat' dir='ltr'>I</span> <span class='ocrx_word' id='word_1_389' title='bbox 1802 1628 1834 1667; x_wconf 91' lang='lat'>4,</span> 
     </span>
     <span class='ocr_line' id='line_1_71' title="bbox 1125 1685 1836 1732; baseline -0.003 -10"><span class='ocrx_word' id='word_1_390' title='bbox 1125 1688 1178 1722; x_wconf 90' lang='lat'>23.</span> <span class='ocrx_word' id='word_1_391' title='bbox 1213 1697 1348 1721; x_wconf 90' lang='lat' dir='ltr'>summe</span> <span class='ocrx_word' id='word_1_392' title='bbox 1368 1690 1476 1732; x_wconf 87' lang='lat' dir='ltr'>atque</span> <span class='ocrx_word' id='word_1_393' title='bbox 1495 1685 1836 1721; x_wconf 87' lang='lat' dir='ltr'>incommutabiliter</span> 
     </span>
     <span class='ocr_line' id='line_1_72' title="bbox 1124 1745 1835 1787; baseline -0.001 -7"><span class='ocrx_word' id='word_1_394' title='bbox 1124 1746 1238 1781; x_wconf 90' lang='lat' dir='ltr'>bonus</span> <span class='ocrx_word' id='word_1_395' title='bbox 1260 1745 1276 1780; x_wconf 93' lang='grc' dir='ltr'><strong>Ι</strong></span> <span class='ocrx_word' id='word_1_396' title='bbox 1295 1747 1372 1787; x_wconf 91' lang='grc'>482,</span> <span class='ocrx_word' id='word_1_397' title='bbox 1395 1746 1448 1781; x_wconf 89' lang='grc'><strong>26.</strong></span> <span class='ocrx_word' id='word_1_398' title='bbox 1480 1745 1519 1780; x_wconf 94' lang='lat' dir='ltr'>in</span> <span class='ocrx_word' id='word_1_399' title='bbox 1539 1745 1704 1780; x_wconf 92' lang='lat' dir='ltr'>cordibus</span> <span class='ocrx_word' id='word_1_400' title='bbox 1723 1745 1835 1780; x_wconf 90' lang='lat' dir='ltr'>homi-</span> 
     </span>
     <span class='ocr_line' id='line_1_73' title="bbox 1124 1804 1833 1850; baseline 0 -11"><span class='ocrx_word' id='word_1_401' title='bbox 1124 1817 1209 1840; x_wconf 92' lang='lat' dir='ltr'>num</span> <span class='ocrx_word' id='word_1_402' title='bbox 1244 1805 1468 1839; x_wconf 87' lang='lat' dir='ltr'>uoluntatem</span> <span class='ocrx_word' id='word_1_403' title='bbox 1502 1808 1670 1850; x_wconf 87' lang='lat' dir='ltr'>operatur</span> <span class='ocrx_word' id='word_1_404' title='bbox 1706 1804 1721 1839; x_wconf 97' lang='lat' dir='ltr'>I</span> <span class='ocrx_word' id='word_1_405' title='bbox 1755 1805 1833 1846; x_wconf 91' lang='lat'>455,</span> 
     </span>
     <span class='ocr_line' id='line_1_74' title="bbox 1125 1863 1832 1905; baseline -0.001 -5"><span class='ocrx_word' id='word_1_406' title='bbox 1125 1867 1178 1900; x_wconf 91' lang='lat'>12.</span> <span class='ocrx_word' id='word_1_407' title='bbox 1204 1866 1256 1900; x_wconf 83' lang='lat'>24.</span> <span class='ocrx_word' id='word_1_408' title='bbox 1295 1875 1454 1899; x_wconf 92' lang='lat' dir='ltr'>summus</span> <span class='ocrx_word' id='word_1_409' title='bbox 1476 1864 1635 1899; x_wconf 89' lang='lat' dir='ltr'>medicus</span> <span class='ocrx_word' id='word_1_410' title='bbox 1660 1863 1676 1898; x_wconf 95' lang='lat'>1</span> <span class='ocrx_word' id='word_1_411' title='bbox 1699 1864 1776 1905; x_wconf 89' lang='lat'>508,</span> <span class='ocrx_word' id='word_1_412' title='bbox 1804 1866 1832 1899; x_wconf 94' lang='lat'>1.</span> 
     </span>
     <span class='ocr_line' id='line_1_75' title="bbox 1124 1924 1834 1970; baseline -0.003 -11"><span class='ocrx_word' id='word_1_413' title='bbox 1124 1924 1221 1960; x_wconf 89' lang='lat' dir='ltr'>nulla</span> <span class='ocrx_word' id='word_1_414' title='bbox 1265 1924 1469 1959; x_wconf 85' lang='lat' dir='ltr'>substantia</span> <span class='ocrx_word' id='word_1_415' title='bbox 1512 1927 1566 1959; x_wconf 83' lang='lat' dir='ltr'>est</span> <span class='ocrx_word' id='word_1_416' title='bbox 1610 1934 1718 1970; x_wconf 90' lang='lat' dir='ltr'>quam</span> <span class='ocrx_word' id='word_1_417' title='bbox 1762 1933 1834 1958; x_wconf 91' lang='lat' dir='ltr'>non</span> 
     </span>
     <span class='ocr_line' id='line_1_76' title="bbox 1124 1982 1834 2026; baseline -0.003 -7"><span class='ocrx_word' id='word_1_418' title='bbox 1124 1983 1247 2019; x_wconf 80' lang='lat' dir='ltr'>fecerit</span> <span class='ocrx_word' id='word_1_419' title='bbox 1280 1984 1366 2019; x_wconf 89' lang='lat' dir='ltr'>deus</span> <span class='ocrx_word' id='word_1_420' title='bbox 1403 1983 1420 2018; x_wconf 95' lang='lat' dir='ltr'>I</span> <span class='ocrx_word' id='word_1_421' title='bbox 1454 1983 1532 2026; x_wconf 89' lang='lat'>460,</span> <span class='ocrx_word' id='word_1_422' title='bbox 1570 1984 1622 2018; x_wconf 92' lang='lat'>17.</span> <span class='ocrx_word' id='word_1_423' title='bbox 1671 1982 1834 2018; x_wconf 85' lang='lat' dir='ltr'>conditor</span> 
     </span>
     <span class='ocr_line' id='line_1_77' title="bbox 1123 2041 1833 2088; baseline -0.001 -10"><span class='ocrx_word' id='word_1_424' title='bbox 1123 2047 1272 2078; x_wconf 89' lang='lat' dir='ltr'>naturae</span> <span class='ocrx_word' id='word_1_425' title='bbox 1288 2046 1482 2088; x_wconf 85' lang='lat' dir='ltr'>auctorque</span> <span class='ocrx_word' id='word_1_426' title='bbox 1498 2042 1705 2088; x_wconf 86' lang='lat' dir='ltr'>nuptiarum</span> <span class='ocrx_word' id='word_1_427' title='bbox 1723 2041 1739 2078; x_wconf 93' lang='lat'>1</span> <span class='ocrx_word' id='word_1_428' title='bbox 1755 2042 1833 2083; x_wconf 87' lang='lat'>450,</span> 
     </span>
     <span class='ocr_line' id='line_1_78' title="bbox 1124 2101 1645 2144; baseline -0.002 -6"><span class='ocrx_word' id='word_1_429' title='bbox 1124 2105 1155 2139; x_wconf 88' lang='lat'>7.</span> <span class='ocrx_word' id='word_1_430' title='bbox 1195 2103 1282 2138; x_wconf 89' lang='lat' dir='ltr'>deus</span> <span class='ocrx_word' id='word_1_431' title='bbox 1307 2101 1440 2137; x_wconf 83' lang='lat' dir='ltr'>artifex</span> <span class='ocrx_word' id='word_1_432' title='bbox 1467 2102 1484 2138; x_wconf 97' lang='lat' dir='ltr'>I</span> <span class='ocrx_word' id='word_1_433' title='bbox 1508 2102 1587 2144; x_wconf 88' lang='lat'>340,</span> <span class='ocrx_word' id='word_1_434' title='bbox 1613 2102 1645 2137; x_wconf 91' lang='lat'>2.</span> 
     </span>
     <span class='ocr_line' id='line_1_79' title="bbox 1078 2160 1834 2207; baseline -0.005 -9"><span class='ocrx_word' id='word_1_435' title='bbox 1078 2161 1240 2198; x_wconf 89' lang='lat' dir='ltr'>diabolus</span> <span class='ocrx_word' id='word_1_436' title='bbox 1290 2161 1448 2207; x_wconf 76' lang='lat' dir='ltr'>passim:</span> <span class='ocrx_word' id='word_1_437' title='bbox 1497 2161 1660 2207; x_wconf 89' lang='lat' dir='ltr'>princeps</span> <span class='ocrx_word' id='word_1_438' title='bbox 1709 2160 1834 2195; x_wconf 91' lang='lat' dir='ltr'>mundi</span> 
     </span>
     <span class='ocr_line' id='line_1_80' title="bbox 1122 2220 1832 2263; baseline -0.004 -6"><span class='ocrx_word' id='word_1_439' title='bbox 1122 2222 1241 2257; x_wconf 90' lang='lat' dir='ltr'>dictus</span> <span class='ocrx_word' id='word_1_440' title='bbox 1269 2221 1306 2258; x_wconf 94' lang='lat'>11</span> <span class='ocrx_word' id='word_1_441' title='bbox 1332 2221 1409 2263; x_wconf 88' lang='lat'>265,</span> <span class='ocrx_word' id='word_1_442' title='bbox 1437 2221 1491 2257; x_wconf 92' lang='lat'>22.</span> <span class='ocrx_word' id='word_1_443' title='bbox 1520 2220 1538 2256; x_wconf 94' lang='lat'>1</span> <span class='ocrx_word' id='word_1_444' title='bbox 1564 2221 1640 2263; x_wconf 88' lang='lat'>122,</span> <span class='ocrx_word' id='word_1_445' title='bbox 1667 2222 1699 2255; x_wconf 90' lang='lat'>4.</span> <span class='ocrx_word' id='word_1_446' title='bbox 1739 2230 1832 2254; x_wconf 92' lang='lat' dir='ltr'>mors</span> 
     </span>
     <span class='ocr_line' id='line_1_81' title="bbox 1122 2281 1833 2326; baseline -0.004 -10"><span class='ocrx_word' id='word_1_447' title='bbox 1122 2281 1167 2317; x_wconf 92' lang='lat' dir='ltr'>ab</span> <span class='ocrx_word' id='word_1_448' title='bbox 1183 2293 1223 2316; x_wconf 90' lang='lat' dir='ltr'>eo</span> <span class='ocrx_word' id='word_1_449' title='bbox 1239 2281 1341 2316; x_wconf 92' lang='lat' dir='ltr'>uenit</span> <span class='ocrx_word' id='word_1_450' title='bbox 1356 2281 1373 2317; x_wconf 93' lang='grc' dir='ltr'>Ι</span> <span class='ocrx_word' id='word_1_451' title='bbox 1389 2281 1443 2323; x_wconf 91' lang='grc'>10,</span> <span class='ocrx_word' id='word_1_452' title='bbox 1459 2281 1514 2316; x_wconf 88' lang='lat'>24.</span> <span class='ocrx_word' id='word_1_453' title='bbox 1543 2282 1728 2326; x_wconf 85' lang='lat' dir='ltr'>peccatum</span> <span class='ocrx_word' id='word_1_454' title='bbox 1743 2290 1833 2325; x_wconf 88' lang='lat' dir='ltr'>opus</span> 
     </span>
     <span class='ocr_line' id='line_1_82' title="bbox 1122 2338 1831 2382; baseline -0.004 -6"><span class='ocrx_word' id='word_1_455' title='bbox 1122 2341 1256 2376; x_wconf 91' lang='lat' dir='ltr'>diaboli</span> <span class='ocrx_word' id='word_1_456' title='bbox 1296 2340 1333 2376; x_wconf 89' lang='grc' dir='ltr'>ΙΙ</span> <span class='ocrx_word' id='word_1_457' title='bbox 1372 2341 1450 2382; x_wconf 91' lang='lat'>212,</span> <span class='ocrx_word' id='word_1_458' title='bbox 1490 2340 1544 2375; x_wconf 92' lang='lat'>10.</span> <span class='ocrx_word' id='word_1_459' title='bbox 1584 2339 1650 2374; x_wconf 91' lang='lat' dir='ltr'>sub</span> <span class='ocrx_word' id='word_1_460' title='bbox 1689 2338 1831 2374; x_wconf 86' lang='lat' dir='ltr'>diabolo</span> 
     </span>
     <span class='ocr_line' id='line_1_83' title="bbox 1122 2397 1831 2446; baseline -0.003 -11"><span class='ocrx_word' id='word_1_461' title='bbox 1122 2411 1243 2435; x_wconf 90' lang='lat' dir='ltr'>omnes</span> <span class='ocrx_word' id='word_1_462' title='bbox 1261 2410 1341 2435; x_wconf 93' lang='lat' dir='ltr'>cum</span> <span class='ocrx_word' id='word_1_463' title='bbox 1358 2402 1504 2446; x_wconf 83' lang='lat' dir='ltr'>peccato</span> <span class='ocrx_word' id='word_1_464' title='bbox 1522 2397 1681 2444; x_wconf 87' lang='lat' dir='ltr'>generati</span> <span class='ocrx_word' id='word_1_465' title='bbox 1699 2397 1735 2434; x_wconf 93' lang='lat'>11</span> <span class='ocrx_word' id='word_1_466' title='bbox 1753 2398 1831 2439; x_wconf 89' lang='lat'>278,</span> 
     </span>
     <span class='ocr_line' id='line_1_84' title="bbox 1123 2457 1830 2506; baseline -0.004 -11"><span class='ocrx_word' id='word_1_467' title='bbox 1123 2461 1175 2495; x_wconf 88' lang='lat'>10.</span> <span class='ocrx_word' id='word_1_468' title='bbox 1215 2459 1363 2506; x_wconf 90' lang='lat' dir='ltr'>spiritus</span> <span class='ocrx_word' id='word_1_469' title='bbox 1387 2458 1581 2494; x_wconf 88' lang='lat' dir='ltr'>inmundus</span> <span class='ocrx_word' id='word_1_470' title='bbox 1608 2457 1645 2494; x_wconf 95' lang='lat' dir='ltr'>II</span> <span class='ocrx_word' id='word_1_471' title='bbox 1671 2457 1748 2499; x_wconf 88' lang='lat'>238,</span> <span class='ocrx_word' id='word_1_472' title='bbox 1776 2458 1830 2492; x_wconf 89' lang='lat'>21.</span> 
     </span>
     <span class='ocr_line' id='line_1_85' title="bbox 1121 2515 1830 2565; baseline -0.004 -11"><span class='ocrx_word' id='word_1_473' title='bbox 1121 2519 1284 2565; x_wconf 87' lang='lat' dir='ltr'>princeps</span> <span class='ocrx_word' id='word_1_474' title='bbox 1309 2521 1503 2564; x_wconf 87' lang='lat' dir='ltr'>auctorque</span> <span class='ocrx_word' id='word_1_475' title='bbox 1527 2516 1666 2563; x_wconf 83' lang='lat' dir='ltr'>peccati</span> <span class='ocrx_word' id='word_1_476' title='bbox 1690 2515 1727 2553; x_wconf 92' lang='lat'>11</span> <span class='ocrx_word' id='word_1_477' title='bbox 1753 2516 1830 2558; x_wconf 88' lang='lat'>239,</span> 
     </span>
     <span class='ocr_line' id='line_1_86' title="bbox 1123 2575 1832 2623; baseline -0.006 -9"><span class='ocrx_word' id='word_1_478' title='bbox 1123 2579 1176 2622; x_wconf 92' lang='lat'>10,</span> <span class='ocrx_word' id='word_1_479' title='bbox 1191 2579 1235 2623; x_wconf 75' lang='lat' dir='ltr'>cl.</span> <span class='ocrx_word' id='word_1_480' title='bbox 1253 2577 1271 2614; x_wconf 95' lang='lat'>1</span> <span class='ocrx_word' id='word_1_481' title='bbox 1284 2578 1362 2620; x_wconf 89' lang='grc'>488,</span> <span class='ocrx_word' id='word_1_482' title='bbox 1378 2578 1432 2613; x_wconf 88' lang='grc'>22.</span> <span class='ocrx_word' id='word_1_483' title='bbox 1462 2587 1537 2612; x_wconf 86' lang='lat' dir='ltr'>reos</span> <span class='ocrx_word' id='word_1_484' title='bbox 1551 2575 1718 2623; x_wconf 82' lang='lat' dir='ltr'>paruulos</span> <span class='ocrx_word' id='word_1_485' title='bbox 1732 2578 1832 2611; x_wconf 82' lang='lat' dir='ltr'>tenet</span> 
     </span>
     <span class='ocr_line' id='line_1_87' title="bbox 1123 2634 1829 2680; baseline -0.006 -6"><span class='ocrx_word' id='word_1_486' title='bbox 1123 2637 1160 2674; x_wconf 96' lang='lat' dir='ltr'>II</span> <span class='ocrx_word' id='word_1_487' title='bbox 1181 2638 1258 2680; x_wconf 89' lang='lat'>239,</span> <span class='ocrx_word' id='word_1_488' title='bbox 1281 2637 1334 2674; x_wconf 89' lang='grc'>15.</span> <span class='ocrx_word' id='word_1_489' title='bbox 1368 2639 1493 2672; x_wconf 84' lang='lat' dir='ltr'>auctor</span> <span class='ocrx_word' id='word_1_490' title='bbox 1513 2635 1599 2672; x_wconf 85' lang='lat' dir='ltr'>uitii</span> <span class='ocrx_word' id='word_1_491' title='bbox 1617 2634 1655 2671; x_wconf 96' lang='lat' dir='ltr'>II</span> <span class='ocrx_word' id='word_1_492' title='bbox 1675 2635 1753 2678; x_wconf 85' lang='lat'>273,</span> <span class='ocrx_word' id='word_1_493' title='bbox 1774 2635 1829 2670; x_wconf 84' lang='lat'>24.</span> 
     </span>
     <span class='ocr_line' id='line_1_88' title="bbox 1121 2693 1828 2743; baseline -0.004 -10"><span class='ocrx_word' id='word_1_494' title='bbox 1121 2697 1284 2743; x_wconf 87' lang='lat' dir='ltr'>princeps</span> <span class='ocrx_word' id='word_1_495' title='bbox 1321 2695 1547 2732; x_wconf 83' lang='lat' dir='ltr'>tenebrarum</span> <span class='ocrx_word' id='word_1_496' title='bbox 1585 2694 1623 2731; x_wconf 92' lang='lat'>11</span> <span class='ocrx_word' id='word_1_497' title='bbox 1659 2693 1736 2736; x_wconf 89' lang='grc'>235,</span> <span class='ocrx_word' id='word_1_498' title='bbox 1775 2694 1828 2730; x_wconf 90' lang='grc'><strong>13.</strong></span> 
     </span>
     <span class='ocr_line' id='line_1_89' title="bbox 1121 2752 1829 2803; baseline -0.006 -11"><span class='ocrx_word' id='word_1_499' title='bbox 1121 2756 1245 2803; x_wconf 82' lang='lat' dir='ltr'>culpae</span> <span class='ocrx_word' id='word_1_500' title='bbox 1271 2758 1407 2798; x_wconf 83' lang='lat' dir='ltr'>auctor,</span> <span class='ocrx_word' id='word_1_501' title='bbox 1434 2765 1506 2790; x_wconf 90' lang='lat' dir='ltr'>non</span> <span class='ocrx_word' id='word_1_502' title='bbox 1530 2757 1680 2790; x_wconf 82' lang='lat' dir='ltr'>naturae</span> <span class='ocrx_word' id='word_1_503' title='bbox 1707 2752 1726 2789; x_wconf 96' lang='grc' dir='ltr'><strong>Ῑ</strong></span> <span class='ocrx_word' id='word_1_504' title='bbox 1750 2754 1829 2795; x_wconf 88' lang='grc'>431,</span> 
     </span>
     <span class='ocr_line' id='line_1_90' title="bbox 1122 2814 1829 2860; baseline -0.007 -8"><span class='ocrx_word' id='word_1_505' title='bbox 1122 2817 1176 2853; x_wconf 89' lang='grc'>23.</span> <span class='ocrx_word' id='word_1_506' title='bbox 1198 2815 1235 2851; x_wconf 92' lang='lat'>11</span> <span class='ocrx_word' id='word_1_507' title='bbox 1255 2815 1333 2858; x_wconf 89' lang='lat'>263,</span> <span class='ocrx_word' id='word_1_508' title='bbox 1354 2815 1407 2851; x_wconf 93' lang='grc'>10.</span> <span class='ocrx_word' id='word_1_509' title='bbox 1428 2814 1505 2857; x_wconf 87' lang='grc'>269,</span> <span class='ocrx_word' id='word_1_510' title='bbox 1526 2814 1580 2850; x_wconf 91' lang='grc'>11.</span> <span class='ocrx_word' id='word_1_511' title='bbox 1612 2814 1829 2860; x_wconf 71' lang='lat' dir='ltr'>potestatem</span> 
     </span>
    </p>
   </div>
   <div class='ocr_carea' id='block_1_9' title="bbox 1928 0 2020 3204">
    <p class='ocr_par' dir='ltr' id='par_1_17' title="bbox 1928 0 2020 3204">
     <span class='ocr_line' id='line_1_91' title="bbox 1928 0 2020 3204; baseline 0 0"><span class='ocrx_word' id='word_1_512' title='bbox 1928 0 2020 3204; x_wconf 95' lang='lat' dir='ltr'> </span> 
     </span>
    </p>
   </div>
  </div>
 </body>
</html>
