2028 3204
153 950 191 980 io

155 1292 191 1321 15

153 1621 195 1650 20

747 216 835 255 liber
868 216 916 253 1v
949 215 1003 259 ιο,
1036 218 1179 259 23-11.
1213 216 1258 252 29
1714 205 1794 248 559

214 361 307 391 eum
343 346 510 390 dieitur:
546 346 814 402 gaudete
847 344 903 387 in
937 343 1180 388 domino
1215 356 1462 399 semper.
1516 349 1667 399 negent
1701 356 1796 398 ergo

217 413 428 469 Pelagiani
449 413 550 455 haec
572 412 714 455 futura
734 411 777 453 in
799 424 922 467 regno
943 409 1021 461 dei,
1040 409 1110 452 ubi
1133 410 1220 452 sine
1241 410 1325 452 fine
1346 409 1549 460 uiuemuS‚
1570 414 1645 451 aut
1665 422 1795 464 usque

215 480 333 529 adeo,
367 479 399 521 si
431 479 610 529 uidetur,
643 477 866 528 insaniant,
893 481 942 519 ut
973 475 1190 520 iustitiam.
1223 488 1382 531 pacem,
1414 475 1625 530 gaudium,
1658 474 1797 530 qualia

217 545 283 588 hic
303 549 402 587 sunt
423 543 556 595 iustis,
574 543 677 586 talia
697 549 740 586 et
761 542 844 586 illic
864 542 1006 585 futura
1026 555 1113 584 esse
1133 542 1401 584 contendant.
1441 541 1589 596 quodsi
1610 545 1653 583 et
1675 546 1798 583 erunt

219 616 262 654 et
280 624 362 653 non
374 610 476 653 talia
493 615 628 660 erunt,
646 609 833 665 profecto
851 621 992 651 eorum
1010 608 1075 650 hic
1095 608 1136 650 in
1153 613 1373 663 praecepto
1389 607 1572 650 curanda
1589 611 1652 649 est
1670 606 1796 657 actio,

219 676 301 719 illic
332 677 372 718 in
404 676 587 732 praemio
618 674 821 731 speranda
853 674 1065 730 perfectio.
1106 673 1177 716 ubi
1207 672 1486 715 saecularibus
1517 673 1610 715 ullis
1639 672 1797 728 laqueis

217 756 298 784 nou
329 742 480 784 retenti
511 741 716 796 nullisque
746 740 926 796 peccatis
957 745 999 783 et
1030 739 1142 782 uitiis
1172 739 1305 782 carnis
1353 738 1518 781 obnoxii
1549 764 1602 769 —
1630 743 1799 794 propter

219 808 330 863 quod
353 807 581 863 apostolus,
607 807 713 849 sicut
738 807 815 849 hoc
840 805 1125 849 testimonium
1150 805 1311 860 accepit
1335 805 1578 861 Cyprianus,
1609 805 1713 846 mori
1739 804 1798 846 lu-

219 887 334 916 crum
359 873 435 916 sibi
461 887 547 916 esse
572 873 737 915 dicebat
759 897 813 902 —
835 871 1016 927 perfecte
1048 871 1266 926 diligamus
1292 871 1427 921 deum,
1453 870 1569 913 euius
1593 870 1670 912 crit
1696 870 1798 912 faeie

219 941 272 982 ad
291 939 438 982 faciem
461 938 769 994 contemplatio,
796 938 976 994 perfecte
993 937 1211 991 diligamus
1229 942 1271 979 et
1289 936 1537 992 proximum,
1557 950 1650 978 cum
1668 936 1800 978 mani-

220 1004 383 1047 festatis
409 1004 728 1060 cogitationibus
754 1003 886 1046 cordis
912 1003 1027 1046 nulla
1052 1003 1182 1045 ullum
1211 1003 1261 1045 dc
1288 1002 1370 1045 ullo
1396 1002 1493 1045 mali
1520 1002 1642 1045 ullius
1668 1002 1799 1058 possit

219 1070 436 1113 sollicitare
464 1070 652 1126 suspicio.

323 1149 400 1191 XI.
426 1150 489 1191 29.
516 1149 596 1190 Sed
621 1148 702 1190 iam
724 1147 1016 1204 gloriosissimo
1040 1147 1215 1203 martyri
1238 1147 1443 1203 Cypriane
1468 1147 1520 1188 ad
1539 1146 1638 1188 istos
1657 1159 1799 1188 cumu-

219 1215 345 1257 latius
378 1215 679 1269 redarguendos
720 1213 1007 1256 beatissimum
1048 1213 1251 1255 addamus
1284 1213 1562 1264 Ambrosium,
1602 1212 1799 1267 quoniam

219 1286 261 1322 et
290 1280 424 1336 ipsum
454 1280 644 1336 Pelagius
674 1280 734 1322 ita
762 1279 964 1330 laudauit,
995 1284 1042 1321 ut
1071 1293 1120 1321 ne
1150 1279 1203 1321 ab
1232 1278 1407 1321 inimicis
1445 1279 1612 1334 quidem
1642 1278 1683 1320 in
1712 1278 1799 1320 eius

220 1346 331 1388 libris
355 1347 465 1401 quod
489 1346 855 1402 reprehenderetur
877 1345 1031 1387 diceret
1050 1345 1236 1387 inueniri.
1260 1344 1456 1400 quoniam
1475 1358 1569 1400 ergo
1588 1343 1798 1400 Pelagiani

220 1411 365 1454 dicunt
385 1426 466 1453 non
489 1426 575 1453 esse
597 1411 793 1467 originale
818 1417 1050 1467 peccatum,
1074 1425 1166 1453 cum
1190 1425 1272 1466 quo
1294 1416 1518 1453 nascantur
1535 1411 1729 1457 infantes,
1757 1414 1801 1452 et

223 1478 450 1529 catholicis,
474 1478 543 1533 qui
564 1477 620 1520 eis
648 1491 720 1533 pro
743 1477 1036 1533 antiquissima
1056 1481 1098 1519 ct
1119 1477 1357 1519 firmissima
1384 1477 1578 1519 ecclesiae
1599 1476 1683 1518 fide
1703 1476 1800 1517 resi-

220 1548 351 1594 stunt,
363 1544 514 1586 heresis
524 1544 762 1586 Manicheae
773 1543 924 1586 crimen
934 1543 1134 1594 obiciunt,
1145 1543 1393 1598 respondeat
1403 1543 1458 1585 eis
1470 1543 1522 1584 (le
1535 1543 1611 1584 hae
1625 1555 1666 1583 re
1677 1543 1800 1584 homo

223 1610 286 1652 dei
305 1609 531 1652 catholicus
549 1615 591 1652 et
610 1610 663 1652 ab
682 1610 769 1665 ipso
781 1609 946 1665 Pelagio
965 1609 1006 1650 in
1025 1608 1203 1651 ueritate
1221 1609 1319 1651 fidei
1337 1609 1530 1651 laudatus
1542 1608 1797 1651 Ambrosius,

222 1675 292 1731 qui
310 1688 404 1718 cum
422 1676 591 1718 Esaiam
608 1676 854 1731 prophetam
871 1680 1097 1731 exponeret
1123 1675 1200 1717 ait:
1234 1675 1246 1716 i
1264 1676 1291 1717 d
1309 1688 1330 1717 e
1347 1675 1359 1716 i
1377 1688 1396 1716 r
1412 1689 1434 1717 e
1452 1689 1474 1716 o
1509 1675 1538 1717 C
1557 1675 1582 1716 h
1600 1675 1646 1716 ri
1666 1688 1683 1716 s
1702 1679 1720 1716 t
1738 1688 1764 1716 u
1782 1688 1801 1715 s

220 1741 661 1793 inniaculatuS‚
703 1741 846 1797 quia
884 1754 989 1783 nec
1028 1740 1164 1796 ipsa
1202 1741 1445 1796 quidem
1499 1740 1799 1783 nascendi

222 1807 421 1850 solita
460 1807 833 1850 condicione
872 1807 1228 1850 maculatus
1267 1812 1373 1849 est.
1416 1811 1459 1849 et
1507 1806 1587 1848 alio
1628 1806 1716 1848 loco
1759 1806 1799 1847 in

222 1873 364 1916 eodem
387 1887 506 1929 opere
528 1873 698 1929 loquens
721 1873 771 1915 de
793 1873 982 1928 apostolo
1003 1873 1143 1915 Petro:
1172 1872 1285 1928 ipse
1313 1886 1376 1922 se,
1401 1872 1550 1927 inquit,
1575 1872 1665 1914 obt
1681 1872 1801 1916 ulit.

329 2047 343 2079 1
366 2045 454 2080 Phil.
471 2046 503 2085 4,
521 2047 540 2080 4
604 2046 624 2077 8
641 2045 684 2079 cf.
706 2043 793 2080 Phil.
815 2045 844 2085 1,
863 2044 902 2078 21
968 2045 989 2079 9
1005 2044 1048 2078 ci.
1070 2044 1128 2080 IC
1142 2056 1177 2078 ›r.
1200 2044 1253 2085 13,
1273 2044 1313 2077 12
1387 2044 1427 2078 15
1445 2043 1487 2078 cf.
1508 2044 1597 2088 Aug.
1616 2043 1669 2078 De
1685 2043 1798 2089 gratis.

226 2104 358 2140 Christi
382 2105 436 2145 43,
464 2107 505 2142 47
533 2103 664 2141 ‹CSEL
690 2103 795 2139 XLII
823 2103 897 2146 159,
916 2103 974 2149 25)
1072 2102 1123 2138 21.
1144 2103 1186 2138 24
1204 2103 1383 2138 Ambrosii
1400 2102 1587 2149 Expositi«)
1605 2103 1640 2137 in
1658 2102 1800 2139 Esaiam

226 2175 295 2199 non
312 2167 431 2199 exstat

329 2244 343 2277 1
364 2242 478 2288 gaude
490 2241 518 2277 C
573 2241 593 2276 2
611 2241 774 2276 uiuamus
788 2241 872 2277 Bml
890 2240 1044 2276 uiuimus,
1058 2241 1089 2275 V
1143 2245 1340 2286 auctusque
1356 2252 1375 2275 a
1395 2241 1439 2275 do
1457 2241 1486 2276 C
1548 2241 1569 2274 3
1588 2239 1754 2276 uidentur
1773 2244 1802 2275 A)

227 2299 281 2347 nt]
297 2303 334 2336 et
352 2301 387 2336 in
404 2313 467 2348 mq-
484 2302 513 2336 B
608 2303 644 2336 et
660 2301 831 2348 gaudium
843 2301 872 2337 Ο
888 2299 1127 2346 gaudiumque
1139 2300 1203 2336 EF
1281 2302 1302 2336 4
1319 2303 1402 2336 sunt
1418 2300 1478 2336 hie
1496 2300 1592 2335 DEF
1594 2300 1634 2334 bd
1718 2298 1803 2344 illic]

227 2360 282 2396 hic
294 2360 324 2395 V
396 2361 615 2397 contendant
633 2361 661 2397 Ο
679 2363 711 2406 (a
730 2371 772 2395 ex
789 2362 827 2407 ιι)
916 2359 984 2396 etsi
1005 2360 1057 2396 Db
1141 2360 1162 2395 5
1178 2359 1247 2396 alia
1262 2360 1291 2396 0
1382 2359 1619 2396 eorum-illie
1644 2359 1802 2395 om.Oml

227 2422 248 2455 6
264 2419 439 2466 premiaV
534 2419 594 2456 ulli
607 2421 692 2456 0ml
775 2424 794 2458 7
811 2420 897 2466 non]
912 2420 988 2455 add.
1007 2422 1111 2456 erunt
1128 2419 1181 2455 Db
1256 2419 1401 2456 obnoxii
1417 2419 1545 2456 erimus
1562 2420 1626 2454 EF
1699 2420 1721 2454 8
1737 2419 1802 2454 hoc

226 2481 327 2515 om.D
406 2479 535 2526 accipit
550 2479 647 2515 0131*
729 2481 750 2516 9
767 2480 952 2527 diligemus
970 2481 1002 2515 D
1084 2479 1211 2515 faciem
1227 2481 1273 2515 ad
1291 2479 1356 2515 fue.
1372 2479 1402 2513 V
1487 2480 1527 2515 10
1543 2477 1806 2514 mamifestatis

228 2538 395 2586 cogitatis
413 2539 691 2586 cogitationibus
704 2539 732 2574 V
783 2542 822 2576 11
842 2539 938 2576 nulla
953 2539 1090 2575 nullum
1105 2539 1170 2575 EF
1214 2538 1283 2576 ullo
1299 2539 1393 2574 malo
1410 2538 1503 2574 illius
1513 2539 1577 2574 EF
1632 2539 1673 2574 13
1691 2537 1804 2574 Sed—

228 2601 422 2645 potuerunt
437 2598 515 2641 570,
532 2599 554 2636 8
569 2610 633 2635 om.
649 2599 714 2635 EF
772 2626 778 2631 .
796 2599 909 2636 etiam
919 2600 953 2635 D
969 2602 1006 2636 et
1021 2598 1094 2634 iam
1111 2599 1260 2641 bd‚0m.0
1356 2601 1493 2645 martyr
1506 2599 1589 2634 OmI
1607 2600 1766 2644 martyre
1777 2597 1808 2633 G

228 2658 385 2706 cipriano
397 2659 428 2695 B
473 2658 756 2695 cumlatiusOml
814 2661 856 2697 17
872 2661 928 2695 est
940 2659 969 2696 Ο
1014 2659 1279 2695 naseunturOB
1335 2658 1502 2704 18q11in=0
1548 2661 1583 2693 et
1601 2657 1810 2694 firmissima

227 2718 399 2755 omOBbd
461 2718 533 2755 fide
543 2720 611 2755 *Ἥ
689 2719 732 2754 19
748 2718 934 2755 manichae
951 2718 983 2754 V
1061 2719 1300 2766 respondent
1315 2719 1345 2754 O
1422 2719 1464 2754 20
1481 2717 1687 2754 Ambrosius
1703 2718 1805 2753 om.D

228 2777 269 2814 21
286 2777 427 2825 ysaiam
438 2779 504 2815 BD
520 2788 643 2826 esaym
654 2778 684 2814 C
760 2778 865 2814 icciro
877 2779 944 2815 BD
1020 2778 1063 2815 22
1078 2778 1322 2814 immolatusO
1397 2780 1433 2813 et
1449 2777 1533 2823 quia
1547 2777 1576 2814 C
1649 2787 1693 2813 ne
1709 2776 1806 2813 BUV

229 2837 273 2874 23
287 2837 397 2874 solita
411 2837 512 2874 om.V
590 2840 644 2875 est
659 2838 758 2874 om.C
831 2837 869 2873 in
885 2837 955 2874 alio
970 2837 1085 2875 locoo
1146 2839 1189 2874 24
1205 2849 1246 2874 eo
1263 2838 1414 2884 deopere
1424 2837 1455 2871 V
1519 2849 1556 2874 se
1570 2848 1624 2873 om
1637 2837 1667 2873 Ο
