1976 3210
160 193 238 238 156
704 199 750 236 ΙΙ.
782 201 835 237 De
865 202 993 249 spiritu
1022 206 1058 238 et
1087 202 1206 239 littera

156 330 233 373 fiat
256 330 379 386 plena
403 334 443 371 et
466 328 651 384 perfecta
674 332 716 370 et
739 341 790 370 ex
813 327 926 369 omni
948 341 1115 383 prorsus
1137 334 1256 384 parte
1279 329 1472 373 absoluta
1494 330 1666 382 iustitia,
1691 336 1733 374 et

156 397 247 439 ideo
269 409 352 437 non
373 408 458 437 esse
479 394 731 437 credendum
751 393 957 435 neminem
979 393 1045 436 uel
1064 394 1188 437 fuisse
1209 394 1276 437 uel
1295 408 1381 438 esse
1401 395 1467 438 uel
1487 396 1572 438 fore
1592 396 1635 438 in
1655 397 1733 440 hac

155 462 258 512 uita,
276 461 348 517 qui
363 462 440 503 hoc
456 474 560 515 opus
573 459 807 514 inpleuerit,
823 459 858 502 si
873 459 925 502 ab
940 459 1106 502 homine
1121 460 1269 515 inpleri
1282 465 1433 516 potest.
1466 462 1538 504 sed
1553 462 1732 518 cogitare

156 527 294 579 debes,
320 526 513 582 quamuis
535 526 589 568 ad
611 525 821 568 hominem
844 526 887 567 id
909 538 1028 581 agere
1049 526 1270 581 pertineat,
1293 526 1371 570 hoc
1394 540 1559 583 quoque
1580 541 1732 571 munus

155 607 240 636 esse
261 593 450 635 diuinum
476 596 603 646 atque
627 591 718 634 ideo
742 605 824 633 non
848 591 1040 634 dubitare
1063 605 1167 648 opus
1181 605 1268 634 esse
1281 592 1488 643 diuinum;
1510 593 1630 636 deus
1651 598 1731 636 est

161 659 392 713 enimqui
411 661 652 713 operatur
668 658 719 701 in
739 657 896 708 uobis,
916 657 975 699 ait
990 657 1214 713 apostolus,
1235 662 1282 700 et
1302 658 1429 701 uelle
1452 673 1472 701 e
1491 663 1510 700 t
1536 659 1732 715 operari

163 738 248 780 pro
286 724 417 766 bona
454 738 479 765 u
499 723 746 767 oluntate.

261 803 298 844 3.
331 801 509 843 Proinde
526 814 608 842 non
628 800 807 842 multum
826 799 991 842 molesti
1008 804 1107 843 sunt
1126 806 1167 843 et
1185 800 1428 844 instandum
1447 807 1509 844 est
1529 802 1598 854 eis,
1619 807 1679 854 ut,
1699 802 1733 844 si

153 872 343 924 possunt,
369 867 593 909 ostendant
617 866 677 908 ita
701 880 786 908 esse
811 866 884 920 qui
906 866 1052 908 dicunt
1075 866 1215 909 uiuere
1238 867 1304 910 hic
1327 867 1537 910 hominem
1562 867 1648 910 siue
1672 868 1732 910 ui-

154 933 261 975 xisse
279 933 365 975 sinc
382 933 464 975 ullo
483 932 650 975 omnino
668 936 852 987 peccato.
886 945 984 974 nam
1001 932 1036 974 si
1052 932 1292 975 testimonia
1310 933 1623 989 scripturarum,
1643 934 1731 988 qui-

154 999 231 1042 bus
266 998 457 1041 existimo
500 997 721 1040 definitum
765 997 924 1039 nullum
958 997 1174 1040 hominum
1199 999 1265 1041 hic
1288 999 1513 1051 uiuentem,
1540 997 1730 1054 quamuis

154 1069 300 1107 utatur
324 1064 451 1107 libero
479 1063 663 1115 arbitrio,
700 1062 876 1106 inueniri
901 1063 987 1106 sine
1014 1068 1197 1119 peccate,
1226 1064 1349 1107 sicuti
1374 1070 1454 1107 est:
1482 1078 1539 1107 ne
1570 1065 1730 1106 intres

153 1131 205 1173 in
225 1130 474 1172 iudicium
505 1143 616 1171 cum
638 1143 782 1171 seruo
809 1133 910 1180 tuo,
941 1129 1182 1184 quoniam
1220 1142 1319 1174 non
1353 1130 1732 1172 iustificabitur

152 1197 205 1240 in
226 1210 278 1238 co
291 1209 344 1238 ns
356 1200 468 1250 pect
480 1210 505 1237 u
528 1200 546 1237 t
558 1209 616 1237 uo
640 1209 714 1237 om
728 1195 801 1236 nis
823 1195 1016 1246 uiuenS‚
1033 1199 1074 1237 et
1090 1199 1226 1238 cetera
1240 1196 1343 1238 talia
1354 1196 1573 1251 quisquam
1586 1196 1731 1238 docere

152 1261 337 1318 potuerit
353 1261 472 1304 aliter
488 1275 573 1303 esse
585 1260 825 1315 accipienda
837 1274 963 1316 quam
977 1265 1128 1303 sonant
1140 1266 1181 1303 et
1192 1262 1539 1304 demonstrauerit
1551 1261 1730 1316 aliquem

153 1327 220 1370 uel
236 1327 396 1382 aliquos
413 1328 500 1369 sine
517 1326 598 1369 ullo
616 1327 682 1369 hic
699 1326 851 1369 uixisse
867 1331 1053 1382 peccate,
1072 1326 1243 1381 quinon
1261 1327 1395 1369 einen
1412 1327 1545 1376 solum
1561 1326 1731 1369 minime

153 1394 411 1444 aduersatus,
429 1406 573 1435 uerum
586 1393 712 1435 etiam
726 1391 952 1447 plurimum
965 1392 1201 1447 gratulatus
1211 1393 1349 1445 fuerit,
1361 1407 1444 1435 non
1455 1392 1731 1435 mediocribus

151 1459 407 1501 inuidentiae
423 1459 601 1501 stimulis
619 1459 814 1513 agitatur.
833 1458 934 1513 quin
951 1457 1077 1500 etiam
1094 1458 1129 1501 si
1143 1472 1264 1501 nemo
1282 1463 1344 1501 est
1361 1463 1435 1502 aut
1451 1458 1531 1501 fuit
1548 1462 1622 1501 aut
1638 1457 1728 1509 erit,

153 1526 261 1580 quod
291 1525 423 1581 magis
449 1525 584 1575 credo,
612 1524 689 1566 tali
717 1523 902 1579 puritate
928 1524 1137 1579 perfectus
1163 1529 1204 1566 et
1232 1528 1374 1566 tamen
1402 1538 1488 1566 esse
1514 1528 1588 1567 aut
1605 1524 1729 1566 fuisse

153 1595 228 1633 aut
268 1591 354 1633 fore
394 1590 631 1633 defenditur
667 1594 710 1631 et
747 1593 935 1645 putatur,
972 1594 1178 1644 quantum
1215 1603 1289 1645 ego
1327 1590 1508 1632 iudicare
1546 1602 1727 1645 possum,

151 1670 234 1698 non
250 1657 431 1699 multum
446 1660 607 1698 erratur
621 1669 696 1697 nec
710 1655 936 1709 perniciose
952 1669 1046 1697 cum
1062 1656 1244 1710 quadarn
1260 1655 1434 1710 quisque
1449 1654 1730 1698 beniuolentia

151 1722 322 1774 fallitur,
346 1723 381 1764 si
401 1727 542 1765 tamen
566 1722 638 1776 qui
657 1721 735 1763 hoc
756 1725 882 1776 putat
912 1734 954 1764 se
974 1721 1112 1777 ipsum
1133 1722 1260 1764 talem
1282 1734 1368 1764 esse
1389 1734 1472 1763 non
1494 1725 1628 1777 putet,
1651 1720 1731 1762 nisi

150 1802 294 1831 reuera
320 1802 367 1831 ac
392 1788 549 1843 liquido
575 1787 703 1829 talem
728 1800 771 1829 se
797 1800 882 1831 esse
907 1787 1175 1842 perspexerit.

258 1868 295 1908 4.
329 1865 409 1908 Sed
437 1865 516 1907 illis
544 1866 740 1907 acerrime
777 1879 825 1907 ac
861 1865 1222 1907 uehementissime
1249 1864 1524 1907 resistendum
1552 1867 1628 1914 est,
1657 1862 1729 1918 qui

150 1935 306 1986 putant
329 1931 415 1973 sine
439 1931 646 1973 adiutorio
669 1931 736 1973 dei
758 1943 830 1985 per
852 1944 894 1973 se
915 1930 1050 1985 ipsam
1072 1931 1158 1972 uim
1182 1929 1413 1972 uoluntatis
1433 1930 1640 1972 humanae
1663 1928 1729 1970 uel

150 1997 355 2039 iustitiam
378 2010 496 2052 posse
517 1997 713 2052 perficere
735 1996 801 2038 uel
823 1997 877 2038 ad
899 2009 991 2038 eam
1013 1996 1222 2038 tendendo
1246 1995 1444 2051 proficere
1467 1999 1521 2046 et,
1546 2007 1640 2037 cum
1664 2007 1728 2035 ur-

148 2063 265 2118 gueri
300 2064 524 2118 coeperint,
563 2063 771 2117 quomodo
808 2062 851 2104 id
886 2066 1155 2117 praesumant
1191 2075 1368 2104 asserere
1403 2061 1496 2103 fieri
1529 2060 1616 2102 sine
1652 2072 1728 2114 ope

238 2218 260 2252 5
285 2216 374 2252 Phil.
400 2218 431 2258 2,
458 2218 499 2252 13
592 2217 635 2252 12
661 2217 714 2251 Ps.
742 2217 819 2258 142,
844 2217 864 2251 2

246 2338 262 2371 1
283 2335 389 2382 plana
401 2336 484 2371 Lonl
618 2346 662 2370 ex
676 2345 740 2371 om.
754 2335 772 2370 b
920 2335 941 2371 5
958 2334 1044 2371 adeo
1054 2335 1083 2370 Ο
1213 2333 1394 2370 dubitaret
1409 2333 1440 2368 T
1544 2335 1598 2367 est
1612 2342 1677 2366 om.
1690 2331 1727 2366 εὖ

149 2396 171 2431 6
182 2398 224 2430 ut
233 2394 286 2431 ait
294 2395 323 2430 Ο
398 2396 419 2431 8
430 2394 501 2430 sint
515 2394 600 2430 0„ae
668 2395 689 2429 9
700 2405 775 2429 esse
790 2393 844 2429 ita
855 2394 873 2429 b
941 2393 998 2429 hic
1014 2393 1132 2430 uiuere
1142 2394 1160 2429 b
1238 2392 1280 2429 10
1291 2391 1543 2428 scribturarum
1553 2391 1583 2427 L
1596 2390 1728 2436 passim

150 2456 190 2491 11
208 2453 390 2490 hominem
400 2454 461 2489 zbd
572 2455 614 2490 12
630 2453 738 2489 libero
752 2454 786 2499 (e
802 2464 828 2490 3.
843 2454 882 2499 l.)
893 2453 922 2488 L
1034 2452 1126 2489 sicut
1135 2453 1164 2489 Ο
1267 2453 1310 2488 13
1326 2439 1456 2487 iudicio
1468 2460 1487 2485 2
1585 2450 1686 2486 serbo
1698 2449 1728 2485 Ο

150 2516 193 2550 14
206 2517 345 2549 caetera
357 2514 386 2548 L
495 2513 565 2549 alia
574 2513 603 2548 C
608 2514 638 2548 T
750 2512 898 2559 quisque
910 2513 929 2548 b
1035 2513 1076 2549 15
1090 2511 1222 2559 poterit
1232 2511 1353 2548 K0m1
1359 2511 1390 2546 T
1503 2521 1577 2545 ωδε
1590 2520 1656 2546 om.
1667 2508 1728 2544 zbd

150 2574 192 2609 16
209 2573 259 2609 eis
272 2573 302 2608 0
401 2574 442 2608 17
458 2573 666 2608 aduersatur
675 2573 712 2608 K
803 2574 845 2609 18
860 2571 1081 2608 inuidenciae
1091 2572 1145 2607 ml
1163 2582 1205 2606 ex
1222 2570 1416 2607 inuidenda
1425 2570 1455 2606 L
1469 2568 1662 2606 inuidenda
1669 2568 1728 2604 SG

148 2632 305 2678 agitatus
316 2632 399 2668 Cm1
491 2632 535 2667 20
556 2631 757 2668 defenditur
773 2642 800 2667 s.
817 2642 883 2667 ras.
898 2631 991 2667 m20
1078 2641 1216 2677 possem
1226 2631 1245 2666 b
1335 2631 1375 2666 21
1394 2627 1632 2665 uoniuolontia
1640 2628 1724 2664 0m1

150 2692 194 2728 23
209 2703 251 2727 ac
260 2691 410 2738 liquido]
424 2691 614 2737 aliquando
627 2691 678 2726 Pb
729 2690 865 2737 aliquid
880 2690 999 2726 dotale
1013 2700 1050 2725 se
1063 2694 1101 2726 ee
1115 2690 1145 2726 T
1206 2691 1249 2726 24
1262 2687 1317 2725 illi
1325 2689 1408 2726 0m1
1467 2688 1510 2725 25
1525 2698 1587 2735 per
1595 2686 1727 2724 omssT

149 2751 193 2787 26
209 2750 389 2794 tendenda
403 2751 438 2797 (ο
455 2762 482 2787 s.
502 2759 525 2794 ᾳ
543 2750 613 2796 m2)
624 2750 654 2786 L
671 2750 842 2786 tentenda
855 2750 912 2786 SG
943 2749 1124 2785 tendenda
1141 2749 1193 2785 Pb
1219 2748 1407 2785 temdendo
1422 2747 1459 2783 K
1475 2746 1626 2784 tenendo
1640 2746 1727 2783 ch

148 2809 264 2856 urgeri
276 2810 367 2846 PGC'
371 2810 402 2845 T
490 2810 532 2846 27
548 2812 813 2857 praesummant
823 2810 853 2845 L

1763 946 1800 974 10

1762 1273 1799 1302 15

1757 1602 1798 1631 20

1756 1940 1797 1969 25
