<?xml version="1.0" encoding="UTF-8"?>
<!DOCTYPE html PUBLIC "-//W3C//DTD XHTML 1.0 Transitional//EN"
    "http://www.w3.org/TR/xhtml1/DTD/xhtml1-transitional.dtd">
<html xmlns="http://www.w3.org/1999/xhtml" xml:lang="en" lang="en">
 <head>
  <title>
</title>
<meta http-equiv="Content-Type" content="text/html;charset=utf-8" />
  <meta name='ocr-system' content='tesseract 3.04.00' />
  <meta name='ocr-capabilities' content='ocr_page ocr_carea ocr_par ocr_line ocrx_word'/>
</head>
<body>
  <div class='ocr_page' id='page_1' title='image "./corpusscriptorum60auguuoft_0019.png"; bbox 0 0 2002 3256; ppageno 0'>
   <div class='ocr_carea' id='block_1_1' title="bbox 834 252 1779 301">
    <p class='ocr_par' dir='ltr' id='par_1_1' title="bbox 834 252 1779 301">
     <span class='ocr_line' id='line_1_1' title="bbox 834 252 1779 301; baseline -0.005 -1"><span class='ocrx_word' id='word_1_1' title='bbox 834 265 1141 301; x_wconf 76' lang='lat' dir='ltr'>Praefatio.</span> <span class='ocrx_word' id='word_1_2' title='bbox 1715 252 1779 295; x_wconf 80' lang='lat' dir='ltr'>IX</span> 
     </span>
    </p>
   </div>
   <div class='ocr_carea' id='block_1_2' title="bbox 128 375 1923 2932">
    <p class='ocr_par' dir='ltr' id='par_1_2' title="bbox 196 375 1779 694">
     <span class='ocr_line' id='line_1_2' title="bbox 196 375 1774 433; baseline -0.005 -9"><span class='ocrx_word' id='word_1_3' title='bbox 196 379 465 424; x_wconf 86' lang='lat' dir='ltr'>XXXXIIII</span> <span class='ocrx_word' id='word_1_4' title='bbox 498 379 590 430; x_wconf 89' lang='lat'>621,</span> <span class='ocrx_word' id='word_1_5' title='bbox 626 378 696 433; x_wconf 87' lang='lat'>20)</span> <span class='ocrx_word' id='word_1_6' title='bbox 729 381 918 432; x_wconf 84' lang='lat' dir='ltr'>apparet.</span> <span class='ocrx_word' id='word_1_7' title='bbox 970 389 1080 418; x_wconf 85' lang='lat' dir='ltr'>anno</span> <span class='ocrx_word' id='word_1_8' title='bbox 1115 376 1192 418; x_wconf 81' lang='grc'>417</span> <span class='ocrx_word' id='word_1_9' title='bbox 1228 375 1267 416; x_wconf 96' lang='lat' dir='ltr'>in</span> <span class='ocrx_word' id='word_1_10' title='bbox 1305 375 1497 417; x_wconf 83' lang='lat' dir='ltr'>manibus</span> <span class='ocrx_word' id='word_1_11' title='bbox 1533 375 1702 417; x_wconf 74' lang='lat' dir='ltr'>&#39;simasii</span> <span class='ocrx_word' id='word_1_12' title='bbox 1737 382 1774 416; x_wconf 84' lang='lat' dir='ltr'>et</span> 
     </span>
     <span class='ocr_line' id='line_1_3' title="bbox 197 440 1775 500; baseline -0.005 -10"><span class='ocrx_word' id='word_1_13' title='bbox 197 446 337 490; x_wconf 84' lang='lat' dir='ltr'>Iacobi</span> <span class='ocrx_word' id='word_1_14' title='bbox 382 445 463 489; x_wconf 86' lang='lat' dir='ltr'>fuit</span> <span class='ocrx_word' id='word_1_15' title='bbox 509 444 579 500; x_wconf 86' lang='lat' dir='ltr'>(cf.</span> <span class='ocrx_word' id='word_1_16' title='bbox 628 443 690 485; x_wconf 86' lang='lat' dir='ltr'>De</span> <span class='ocrx_word' id='word_1_17' title='bbox 733 442 860 499; x_wconf 86' lang='lat' dir='ltr'>gestis</span> <span class='ocrx_word' id='word_1_18' title='bbox 905 441 1062 496; x_wconf 74' lang='lat' dir='ltr'>Pelagii</span> <span class='ocrx_word' id='word_1_19' title='bbox 1093 440 1240 482; x_wconf 74' lang='lat' dir='ltr'>xxiv</span> <span class='ocrx_word' id='word_1_20' title='bbox 1271 442 1323 483; x_wconf 73' lang='grc'>48</span> <span class='ocrx_word' id='word_1_21' title='bbox 1354 454 1445 495; x_wconf 71' lang='lat' dir='ltr'>pag.</span> <span class='ocrx_word' id='word_1_22' title='bbox 1481 442 1568 491; x_wconf 86' lang='lat'>102,</span> <span class='ocrx_word' id='word_1_23' title='bbox 1602 443 1624 483; x_wconf 84' lang='grc'>7</span> <span class='ocrx_word' id='word_1_24' title='bbox 1655 455 1743 496; x_wconf 82' lang='lat' dir='ltr'>sqq.</span> <span class='ocrx_word' id='word_1_25' title='bbox 1752 451 1775 494; x_wconf 86' lang='grc'>).</span> 
     </span>
     <span class='ocr_line' id='line_1_4' title="bbox 197 506 1778 568; baseline -0.007 -12"><span class='ocrx_word' id='word_1_26' title='bbox 197 512 431 568; x_wconf 86' lang='lat' dir='ltr'><strong>Augustino</strong></span> <span class='ocrx_word' id='word_1_27' title='bbox 458 515 603 554; x_wconf 85' lang='lat' dir='ltr'>autem</span> <span class='ocrx_word' id='word_1_28' title='bbox 630 522 782 564; x_wconf 80' lang='lat' dir='ltr'>magna</span> <span class='ocrx_word' id='word_1_29' title='bbox 807 508 944 564; x_wconf 74' lang='lat' dir='ltr'>gratia</span> <span class='ocrx_word' id='word_1_30' title='bbox 970 507 1164 550; x_wconf 81' lang='lat' dir='ltr'>habenda</span> <span class='ocrx_word' id='word_1_31' title='bbox 1192 512 1268 556; x_wconf 85' lang='lat' dir='ltr'>est,</span> <span class='ocrx_word' id='word_1_32' title='bbox 1297 507 1409 560; x_wconf 80' lang='lat' dir='ltr'>quod</span> <span class='ocrx_word' id='word_1_33' title='bbox 1438 506 1612 548; x_wconf 83' lang='lat' dir='ltr'>maiores</span> <span class='ocrx_word' id='word_1_34' title='bbox 1641 515 1778 561; x_wconf 81' lang='lat' dir='ltr'>partes</span> 
     </span>
     <span class='ocr_line' id='line_1_5' title="bbox 196 572 1779 634; baseline -0.004 -13"><span class='ocrx_word' id='word_1_35' title='bbox 196 578 351 634; x_wconf 84' lang='lat' dir='ltr'>Pelagii</span> <span class='ocrx_word' id='word_1_36' title='bbox 380 576 523 633; x_wconf 87' lang='lat' dir='ltr'>scripti</span> <span class='ocrx_word' id='word_1_37' title='bbox 551 575 671 619; x_wconf 90' lang='lat' dir='ltr'>nobis</span> <span class='ocrx_word' id='word_1_38' title='bbox 699 574 899 624; x_wconf 85' lang='lat' dir='ltr'>seruauit,</span> <span class='ocrx_word' id='word_1_39' title='bbox 929 578 977 616; x_wconf 87' lang='lat' dir='ltr'>ut</span> <span class='ocrx_word' id='word_1_40' title='bbox 1006 587 1087 615; x_wconf 90' lang='lat' dir='ltr'>non</span> <span class='ocrx_word' id='word_1_41' title='bbox 1117 572 1251 614; x_wconf 89' lang='lat' dir='ltr'>solum</span> <span class='ocrx_word' id='word_1_42' title='bbox 1279 573 1330 614; x_wconf 89' lang='lat' dir='ltr'>de</span> <span class='ocrx_word' id='word_1_43' title='bbox 1359 572 1445 614; x_wconf 88' lang='lat' dir='ltr'>eius</span> <span class='ocrx_word' id='word_1_44' title='bbox 1475 572 1678 622; x_wconf 83' lang='lat' dir='ltr'>doctrina,</span> <span class='ocrx_word' id='word_1_45' title='bbox 1709 573 1779 614; x_wconf 85' lang='lat' dir='ltr'>sed</span> 
     </span>
     <span class='ocr_line' id='line_1_6' title="bbox 197 638 1198 694; baseline -0.008 -7"><span class='ocrx_word' id='word_1_46' title='bbox 197 644 325 687; x_wconf 84' lang='lat' dir='ltr'>etiam</span> <span class='ocrx_word' id='word_1_47' title='bbox 354 644 405 687; x_wconf 89' lang='lat' dir='ltr'>dc</span> <span class='ocrx_word' id='word_1_48' title='bbox 434 643 520 685; x_wconf 91' lang='lat' dir='ltr'>eius</span> <span class='ocrx_word' id='word_1_49' title='bbox 549 653 738 684; x_wconf 86' lang='lat' dir='ltr'>sermone</span> <span class='ocrx_word' id='word_1_50' title='bbox 767 639 951 683; x_wconf 83' lang='lat' dir='ltr'>iudicare</span> <span class='ocrx_word' id='word_1_51' title='bbox 981 638 1198 694; x_wconf 86' lang='lat' dir='ltr'>possimus.</span> 
     </span>
    </p>

    <p class='ocr_par' dir='ltr' id='par_1_3' title="bbox 128 702 1923 1936">
     <span class='ocr_line' id='line_1_7' title="bbox 128 702 1923 762; baseline -0.004 -10"><span class='ocrx_word' id='word_1_52' title='bbox 128 710 160 752; x_wconf 90' lang='lat' dir='ltr'><em>L</em></span> <span class='ocrx_word' id='word_1_53' title='bbox 303 710 445 752; x_wconf 59' lang='lat' dir='ltr'>(sodex</span> <span class='ocrx_word' id='word_1_54' title='bbox 487 708 521 750; x_wconf 95' lang='lat' dir='ltr'>L</span> <span class='ocrx_word' id='word_1_55' title='bbox 538 722 565 751; x_wconf 91' lang='lat' dir='ltr'>u</span> <span class='ocrx_word' id='word_1_56' title='bbox 582 721 608 762; x_wconf 77' lang='lat' dir='ltr'>g</span> <span class='ocrx_word' id='word_1_57' title='bbox 625 707 651 750; x_wconf 91' lang='lat' dir='ltr'>d</span> <span class='ocrx_word' id='word_1_58' title='bbox 670 720 695 749; x_wconf 91' lang='lat' dir='ltr'>u</span> <span class='ocrx_word' id='word_1_59' title='bbox 713 720 740 748; x_wconf 91' lang='lat' dir='ltr'>n</span> <span class='ocrx_word' id='word_1_60' title='bbox 758 719 779 747; x_wconf 93' lang='lat' dir='ltr'>e</span> <span class='ocrx_word' id='word_1_61' title='bbox 798 720 823 748; x_wconf 91' lang='lat' dir='ltr'>n</span> <span class='ocrx_word' id='word_1_62' title='bbox 842 719 859 747; x_wconf 92' lang='lat' dir='ltr'>s</span> <span class='ocrx_word' id='word_1_63' title='bbox 878 705 889 747; x_wconf 93' lang='lat' dir='ltr'>i</span> <span class='ocrx_word' id='word_1_64' title='bbox 907 719 924 746; x_wconf 88' lang='lat' dir='ltr'>s</span> <span class='ocrx_word' id='word_1_65' title='bbox 968 705 1048 748; x_wconf 76' lang='lat'>608</span> <span class='ocrx_word' id='word_1_66' title='bbox 1090 704 1205 759; x_wconf 89' lang='grc'>(524)</span> <span class='ocrx_word' id='word_1_67' title='bbox 1249 703 1421 745; x_wconf 91' lang='lat' dir='ltr'>membr.</span> <span class='ocrx_word' id='word_1_68' title='bbox 1469 703 1581 745; x_wconf 88' lang='lat' dir='ltr'>misc.</span> <span class='ocrx_word' id='word_1_69' title='bbox 1627 703 1780 745; x_wconf 81' lang='lat' dir='ltr'>iudicio</span> <span class='ocrx_word' id='word_1_70' title='bbox 1802 702 1923 727; x_wconf 58' lang='lat' dir='ltr'>‘&#39;m‘&#39;-</span> 
     </span>
     <span class='ocr_line' id='line_1_8' title="bbox 198 768 1778 831; baseline -0.006 -13"><span class='ocrx_word' id='word_1_71' title='bbox 198 774 398 831; x_wconf 89' lang='lat' dir='ltr'>Leopoldi</span> <span class='ocrx_word' id='word_1_72' title='bbox 419 773 573 816; x_wconf 87' lang='lat' dir='ltr'>Delisle</span> <span class='ocrx_word' id='word_1_73' title='bbox 595 772 667 828; x_wconf 90' lang='lat' dir='ltr'>qui</span> <span class='ocrx_word' id='word_1_74' title='bbox 689 772 730 814; x_wconf 94' lang='lat' dir='ltr'>in</span> <span class='ocrx_word' id='word_1_75' title='bbox 754 771 797 813; x_wconf 94' lang='lat' dir='ltr'><em>N</em></span> <span class='ocrx_word' id='word_1_76' title='bbox 799 771 915 813; x_wconf 76' lang='lat' dir='ltr'>otiees</span> <span class='ocrx_word' id='word_1_77' title='bbox 937 775 971 813; x_wconf 85' lang='lat' dir='ltr'>et</span> <span class='ocrx_word' id='word_1_78' title='bbox 993 770 1176 812; x_wconf 75' lang='lat' dir='ltr'>Eoetraits</span> <span class='ocrx_word' id='word_1_79' title='bbox 1197 768 1264 811; x_wconf 79' lang='lat' dir='ltr'>des</span> <span class='ocrx_word' id='word_1_80' title='bbox 1287 769 1539 810; x_wconf 64' lang='lat' dir='ltr'>manuscrits</span> <span class='ocrx_word' id='word_1_81' title='bbox 1560 768 1606 810; x_wconf 81' lang='lat' dir='ltr'>de</span> <span class='ocrx_word' id='word_1_82' title='bbox 1629 769 1666 810; x_wconf 78' lang='lat' dir='ltr'>Ia</span> <span class='ocrx_word' id='word_1_83' title='bbox 1689 769 1778 810; x_wconf 77' lang='lat' dir='ltr'>bibl.</span> 
     </span>
     <span class='ocr_line' id='line_1_9' title="bbox 199 834 1781 890; baseline -0.006 -6"><span class='ocrx_word' id='word_1_84' title='bbox 199 840 415 884; x_wconf 77' lang='lat' dir='ltr'>Nationale</span> <span class='ocrx_word' id='word_1_85' title='bbox 447 843 482 881; x_wconf 81' lang='lat' dir='ltr'>et</span> <span class='ocrx_word' id='word_1_86' title='bbox 515 843 646 881; x_wconf 80' lang='lat' dir='ltr'>autres</span> <span class='ocrx_word' id='word_1_87' title='bbox 679 836 956 890; x_wconf 65' lang='lat' dir='ltr'>bibliotheques</span> <span class='ocrx_word' id='word_1_88' title='bbox 988 840 1019 879; x_wconf 91' lang='lat' dir='ltr'>t.</span> <span class='ocrx_word' id='word_1_89' title='bbox 1057 835 1211 877; x_wconf 75' lang='lat' dir='ltr'>XXIX</span> <span class='ocrx_word' id='word_1_90' title='bbox 1245 835 1323 876; x_wconf 59' lang='lat'>388</span> <span class='ocrx_word' id='word_1_91' title='bbox 1357 848 1446 890; x_wconf 83' lang='lat' dir='ltr'>sqq.</span> <span class='ocrx_word' id='word_1_92' title='bbox 1483 835 1569 877; x_wconf 89' lang='lat' dir='ltr'>eius</span> <span class='ocrx_word' id='word_1_93' title='bbox 1604 834 1781 889; x_wconf 84' lang='lat' dir='ltr'>descrip-</span> 
     </span>
     <span class='ocr_line' id='line_1_10' title="bbox 199 895 1782 957; baseline -0.008 -7"><span class='ocrx_word' id='word_1_94' title='bbox 199 907 357 950; x_wconf 82' lang='lat' dir='ltr'>tionem</span> <span class='ocrx_word' id='word_1_95' title='bbox 380 905 559 949; x_wconf 81' lang='lat' dir='ltr'>confecit</span> <span class='ocrx_word' id='word_1_96' title='bbox 583 917 688 946; x_wconf 87' lang='lat' dir='ltr'>saec.</span> <span class='ocrx_word' id='word_1_97' title='bbox 714 903 822 945; x_wconf 83' lang='lat' dir='ltr'>VIII</span> <span class='ocrx_word' id='word_1_98' title='bbox 846 916 909 945; x_wconf 74' lang='lat' dir='ltr'>eX.</span> <span class='ocrx_word' id='word_1_99' title='bbox 951 902 1130 957; x_wconf 89' lang='lat' dir='ltr'>scriptus</span> <span class='ocrx_word' id='word_1_100' title='bbox 1155 901 1264 943; x_wconf 89' lang='lat' dir='ltr'>hunc</span> <span class='ocrx_word' id='word_1_101' title='bbox 1289 900 1442 942; x_wconf 89' lang='lat' dir='ltr'>librum</span> <span class='ocrx_word' id='word_1_102' title='bbox 1466 900 1550 943; x_wconf 84' lang='lat' dir='ltr'>foll.</span> <span class='ocrx_word' id='word_1_103' title='bbox 1577 895 1782 942; x_wconf 68' lang='lat' dir='ltr'>20³—5ob</span> 
     </span>
     <span class='ocr_line' id='line_1_11' title="bbox 199 966 1782 1024; baseline -0.006 -9"><span class='ocrx_word' id='word_1_104' title='bbox 199 972 380 1015; x_wconf 85' lang='lat' dir='ltr'>exhibet.</span> <span class='ocrx_word' id='word_1_105' title='bbox 431 972 562 1014; x_wconf 87' lang='lat' dir='ltr'>codex</span> <span class='ocrx_word' id='word_1_106' title='bbox 603 969 771 1012; x_wconf 82' lang='lat' dir='ltr'>madore</span> <span class='ocrx_word' id='word_1_107' title='bbox 810 973 1029 1024; x_wconf 90' lang='lat' dir='ltr'>corruptus</span> <span class='ocrx_word' id='word_1_108' title='bbox 1069 967 1139 1022; x_wconf 80' lang='lat' dir='ltr'>(cf.</span> <span class='ocrx_word' id='word_1_109' title='bbox 1173 966 1256 1010; x_wconf 84' lang='lat' dir='ltr'>foll.</span> <span class='ocrx_word' id='word_1_110' title='bbox 1290 968 1353 1009; x_wconf 83' lang='grc'>26.</span> <span class='ocrx_word' id='word_1_111' title='bbox 1381 967 1444 1008; x_wconf 89' lang='grc'>27.</span> <span class='ocrx_word' id='word_1_112' title='bbox 1472 966 1554 1021; x_wconf 78' lang='grc'>28),</span> <span class='ocrx_word' id='word_1_113' title='bbox 1597 966 1661 1008; x_wconf 87' lang='lat' dir='ltr'>hic</span> <span class='ocrx_word' id='word_1_114' title='bbox 1702 966 1782 1007; x_wconf 86' lang='lat' dir='ltr'>illie-</span> 
     </span>
     <span class='ocr_line' id='line_1_12' title="bbox 199 1031 1782 1092; baseline -0.004 -12"><span class='ocrx_word' id='word_1_115' title='bbox 199 1038 443 1081; x_wconf 85' lang='lat' dir='ltr'>membrana</span> <span class='ocrx_word' id='word_1_116' title='bbox 472 1036 685 1092; x_wconf 80' lang='lat' dir='ltr'>perforata</span> <span class='ocrx_word' id='word_1_117' title='bbox 711 1040 787 1086; x_wconf 91' lang='lat' dir='ltr'>est,</span> <span class='ocrx_word' id='word_1_118' title='bbox 820 1039 865 1078; x_wconf 84' lang='lat' dir='ltr'>ut</span> <span class='ocrx_word' id='word_1_119' title='bbox 891 1048 972 1077; x_wconf 92' lang='lat' dir='ltr'>non</span> <span class='ocrx_word' id='word_1_120' title='bbox 1000 1033 1134 1077; x_wconf 89' lang='lat' dir='ltr'>solum</span> <span class='ocrx_word' id='word_1_121' title='bbox 1153 1032 1318 1075; x_wconf 78' lang='lat' dir='ltr'>litterae</span> <span class='ocrx_word' id='word_1_122' title='bbox 1339 1033 1411 1074; x_wconf 88' lang='lat' dir='ltr'>sed</span> <span class='ocrx_word' id='word_1_123' title='bbox 1431 1032 1559 1073; x_wconf 86' lang='lat' dir='ltr'>etiam</span> <span class='ocrx_word' id='word_1_124' title='bbox 1580 1031 1782 1074; x_wconf 79' lang='lat' dir='ltr'>uocabula</span> 
     </span>
     <span class='ocr_line' id='line_1_13' title="bbox 200 1097 1783 1160; baseline -0.006 -14"><span class='ocrx_word' id='word_1_125' title='bbox 200 1104 409 1160; x_wconf 88' lang='lat' dir='ltr'>perierint.</span> <span class='ocrx_word' id='word_1_126' title='bbox 456 1101 703 1158; x_wconf 82' lang='lat' dir='ltr'>opusculum</span> <span class='ocrx_word' id='word_1_127' title='bbox 732 1100 785 1143; x_wconf 82' lang='lat' dir='ltr'>ab</span> <span class='ocrx_word' id='word_1_128' title='bbox 815 1114 897 1143; x_wconf 91' lang='lat' dir='ltr'>uno</span> <span class='ocrx_word' id='word_1_129' title='bbox 926 1100 1094 1143; x_wconf 89' lang='lat' dir='ltr'>librario</span> <span class='ocrx_word' id='word_1_130' title='bbox 1125 1099 1394 1153; x_wconf 82' lang='lat' dir='ltr'>descriptum,</span> <span class='ocrx_word' id='word_1_131' title='bbox 1426 1098 1496 1153; x_wconf 87' lang='lat' dir='ltr'>qui</span> <span class='ocrx_word' id='word_1_132' title='bbox 1526 1098 1612 1152; x_wconf 87' lang='lat' dir='ltr'>ipse</span> <span class='ocrx_word' id='word_1_133' title='bbox 1643 1097 1783 1140; x_wconf 72' lang='lat' dir='ltr'>multis</span> 
     </span>
     <span class='ocr_line' id='line_1_14' title="bbox 199 1165 1783 1218; baseline -0.006 -6"><span class='ocrx_word' id='word_1_134' title='bbox 199 1170 298 1213; x_wconf 89' lang='lat' dir='ltr'>locis</span> <span class='ocrx_word' id='word_1_135' title='bbox 326 1182 480 1211; x_wconf 89' lang='lat' dir='ltr'>errores</span> <span class='ocrx_word' id='word_1_136' title='bbox 509 1167 763 1218; x_wconf 85' lang='lat' dir='ltr'>emendauit,</span> <span class='ocrx_word' id='word_1_137' title='bbox 792 1166 963 1209; x_wconf 85' lang='lat' dir='ltr'>alterius</span> <span class='ocrx_word' id='word_1_138' title='bbox 991 1165 1232 1208; x_wconf 83' lang='lat' dir='ltr'>correctoris</span> <span class='ocrx_word' id='word_1_139' title='bbox 1261 1177 1433 1206; x_wconf 85' lang='lat' dir='ltr'>manum</span> <span class='ocrx_word' id='word_1_140' title='bbox 1461 1168 1680 1218; x_wconf 85' lang='lat' dir='ltr'>expertum</span> <span class='ocrx_word' id='word_1_141' title='bbox 1709 1171 1783 1209; x_wconf 72' lang='lat' dir='ltr'>est,</span> 
     </span>
     <span class='ocr_line' id='line_1_15' title="bbox 200 1229 1784 1291; baseline -0.006 -13"><span class='ocrx_word' id='word_1_142' title='bbox 200 1249 226 1278; x_wconf 84' lang='lat' dir='ltr'>a</span> <span class='ocrx_word' id='word_1_143' title='bbox 253 1249 334 1291; x_wconf 91' lang='lat' dir='ltr'>quo</span> <span class='ocrx_word' id='word_1_144' title='bbox 362 1234 565 1290; x_wconf 86' lang='lat' dir='ltr'>plurimae</span> <span class='ocrx_word' id='word_1_145' title='bbox 591 1232 912 1288; x_wconf 81' lang='lat' dir='ltr'>deprauationes</span> <span class='ocrx_word' id='word_1_146' title='bbox 940 1231 1143 1281; x_wconf 84' lang='lat' dir='ltr'>sublatae,</span> <span class='ocrx_word' id='word_1_147' title='bbox 1172 1230 1306 1273; x_wconf 86' lang='lat' dir='ltr'>multa</span> <span class='ocrx_word' id='word_1_148' title='bbox 1333 1230 1484 1272; x_wconf 81' lang='lat' dir='ltr'>omissa</span> <span class='ocrx_word' id='word_1_149' title='bbox 1513 1229 1716 1271; x_wconf 81' lang='lat' dir='ltr'>uocabula</span> <span class='ocrx_word' id='word_1_150' title='bbox 1745 1236 1784 1269; x_wconf 85' lang='lat' dir='ltr'>et</span> 
     </span>
     <span class='ocr_line' id='line_1_16' title="bbox 201 1295 1783 1353; baseline -0.005 -10"><span class='ocrx_word' id='word_1_151' title='bbox 201 1302 377 1344; x_wconf 82' lang='lat' dir='ltr'>omissae</span> <span class='ocrx_word' id='word_1_152' title='bbox 398 1299 631 1342; x_wconf 86' lang='lat' dir='ltr'>sententiae</span> <span class='ocrx_word' id='word_1_153' title='bbox 652 1312 682 1340; x_wconf 93' lang='lat' dir='ltr'>s.</span> <span class='ocrx_word' id='word_1_154' title='bbox 703 1298 728 1340; x_wconf 91' lang='lat' dir='ltr'>l.</span> <span class='ocrx_word' id='word_1_155' title='bbox 751 1303 825 1340; x_wconf 83' lang='lat' dir='ltr'>aut</span> <span class='ocrx_word' id='word_1_156' title='bbox 849 1298 890 1340; x_wconf 93' lang='lat' dir='ltr'>in</span> <span class='ocrx_word' id='word_1_157' title='bbox 917 1310 996 1353; x_wconf 77' lang='lat' dir='ltr'>mg.</span> <span class='ocrx_word' id='word_1_158' title='bbox 1020 1297 1202 1352; x_wconf 84' lang='lat' dir='ltr'>reposita</span> <span class='ocrx_word' id='word_1_159' title='bbox 1224 1301 1320 1338; x_wconf 85' lang='lat' dir='ltr'>sunt</span> <span class='ocrx_word' id='word_1_160' title='bbox 1342 1295 1412 1350; x_wconf 84' lang='lat' dir='ltr'>(cf.</span> <span class='ocrx_word' id='word_1_161' title='bbox 1435 1296 1526 1345; x_wconf 77' lang='lat'>1234,</span> <span class='ocrx_word' id='word_1_162' title='bbox 1551 1296 1610 1337; x_wconf 86' lang='lat'>13.</span> <span class='ocrx_word' id='word_1_163' title='bbox 1635 1295 1724 1345; x_wconf 81' lang='grc'>235,</span> <span class='ocrx_word' id='word_1_164' title='bbox 1747 1298 1783 1336; x_wconf 72' lang='grc'>0.</span> 
     </span>
     <span class='ocr_line' id='line_1_17' title="bbox 201 1360 1787 1418; baseline -0.006 -8"><span class='ocrx_word' id='word_1_165' title='bbox 201 1368 293 1418; x_wconf 45' lang='lat'>238³,</span> <span class='ocrx_word' id='word_1_166' title='bbox 314 1367 351 1409; x_wconf 89' lang='lat'>3.</span> <span class='ocrx_word' id='word_1_167' title='bbox 383 1366 474 1416; x_wconf 86' lang='grc'>245,</span> <span class='ocrx_word' id='word_1_168' title='bbox 495 1366 532 1408; x_wconf 89' lang='grc'>5.</span> <span class='ocrx_word' id='word_1_169' title='bbox 564 1365 655 1415; x_wconf 90' lang='grc'>250,</span> <span class='ocrx_word' id='word_1_170' title='bbox 679 1365 741 1406; x_wconf 75' lang='lat'>18.</span> <span class='ocrx_word' id='word_1_171' title='bbox 772 1365 863 1415; x_wconf 89' lang='grc'>252,</span> <span class='ocrx_word' id='word_1_172' title='bbox 885 1365 948 1406; x_wconf 86' lang='grc'>24.</span> <span class='ocrx_word' id='word_1_173' title='bbox 981 1364 1071 1413; x_wconf 88' lang='grc'>272,</span> <span class='ocrx_word' id='word_1_174' title='bbox 1094 1363 1129 1404; x_wconf 89' lang='grc'>7.</span> <span class='ocrx_word' id='word_1_175' title='bbox 1162 1362 1252 1412; x_wconf 88' lang='grc'>275,</span> <span class='ocrx_word' id='word_1_176' title='bbox 1275 1363 1311 1404; x_wconf 85' lang='grc'>4.</span> <span class='ocrx_word' id='word_1_177' title='bbox 1344 1362 1435 1412; x_wconf 85' lang='grc'>276,</span> <span class='ocrx_word' id='word_1_178' title='bbox 1459 1360 1618 1415; x_wconf 67' lang='lat'>18211.);</span> <span class='ocrx_word' id='word_1_179' title='bbox 1651 1360 1740 1410; x_wconf 66' lang='lat'>238,</span> <span class='ocrx_word' id='word_1_180' title='bbox 1762 1362 1787 1401; x_wconf 76' lang='lat'>9</span> 
     </span>
     <span class='ocr_line' id='line_1_18' title="bbox 203 1427 1787 1487; baseline -0.006 -12"><span class='ocrx_word' id='word_1_181' title='bbox 203 1432 512 1487; x_wconf 76' lang='lat' dir='ltr'>corruptionem</span> <span class='ocrx_word' id='word_1_182' title='bbox 531 1429 689 1473; x_wconf 89' lang='lat' dir='ltr'>intulit.</span> <span class='ocrx_word' id='word_1_183' title='bbox 728 1435 912 1472; x_wconf 88' lang='lat' dir='ltr'>ceterum</span> <span class='ocrx_word' id='word_1_184' title='bbox 934 1430 1066 1472; x_wconf 82' lang='lat' dir='ltr'>codex</span> <span class='ocrx_word' id='word_1_185' title='bbox 1086 1442 1109 1470; x_wconf 83' lang='lat' dir='ltr'>a</span> <span class='ocrx_word' id='word_1_186' title='bbox 1131 1427 1351 1482; x_wconf 75' lang='lat' dir='ltr'>multiplici</span> <span class='ocrx_word' id='word_1_187' title='bbox 1373 1428 1619 1469; x_wconf 89' lang='lat' dir='ltr'>mendorum</span> <span class='ocrx_word' id='word_1_188' title='bbox 1641 1439 1787 1477; x_wconf 56' lang='lat' dir='ltr'>¹‹genere</span> 
     </span>
     <span class='ocr_line' id='line_1_19' title="bbox 202 1492 1786 1554; baseline -0.005 -13"><span class='ocrx_word' id='word_1_189' title='bbox 202 1498 354 1554; x_wconf 90' lang='lat' dir='ltr'>quibus</span> <span class='ocrx_word' id='word_1_190' title='bbox 386 1497 547 1540; x_wconf 90' lang='lat' dir='ltr'>codices</span> <span class='ocrx_word' id='word_1_191' title='bbox 579 1496 737 1537; x_wconf 85' lang='lat' dir='ltr'>foedati</span> <span class='ocrx_word' id='word_1_192' title='bbox 770 1509 857 1537; x_wconf 89' lang='lat' dir='ltr'>esse</span> <span class='ocrx_word' id='word_1_193' title='bbox 889 1495 1022 1537; x_wconf 83' lang='lat' dir='ltr'>solent</span> <span class='ocrx_word' id='word_1_194' title='bbox 1055 1494 1250 1536; x_wconf 90' lang='lat' dir='ltr'>immunis</span> <span class='ocrx_word' id='word_1_195' title='bbox 1284 1498 1358 1535; x_wconf 85' lang='lat' dir='ltr'>est.</span> <span class='ocrx_word' id='word_1_196' title='bbox 1408 1494 1459 1536; x_wconf 86' lang='lat' dir='ltr'>de</span> <span class='ocrx_word' id='word_1_197' title='bbox 1492 1492 1786 1548; x_wconf 71' lang='lat' dir='ltr'>orthographia</span> 
     </span>
     <span class='ocr_line' id='line_1_20' title="bbox 204 1558 1788 1620; baseline -0.006 -14"><span class='ocrx_word' id='word_1_198' title='bbox 204 1564 447 1620; x_wconf 87' lang='lat' dir='ltr'>plerumque</span> <span class='ocrx_word' id='word_1_199' title='bbox 474 1562 528 1605; x_wconf 82' lang='lat' dir='ltr'>ad</span> <span class='ocrx_word' id='word_1_200' title='bbox 555 1567 688 1604; x_wconf 83' lang='lat' dir='ltr'>certas</span> <span class='ocrx_word' id='word_1_201' title='bbox 713 1562 821 1618; x_wconf 72' lang='lat' dir='ltr'>leges</span> <span class='ocrx_word' id='word_1_202' title='bbox 849 1566 997 1603; x_wconf 84' lang='lat' dir='ltr'>exacta</span> <span class='ocrx_word' id='word_1_203' title='bbox 1018 1560 1118 1602; x_wconf 86' lang='lat' dir='ltr'>haec</span> <span class='ocrx_word' id='word_1_204' title='bbox 1140 1559 1223 1601; x_wconf 79' lang='lat' dir='ltr'>lere</span> <span class='ocrx_word' id='word_1_205' title='bbox 1244 1564 1477 1601; x_wconf 76' lang='lat' dir='ltr'>memoratu</span> <span class='ocrx_word' id='word_1_206' title='bbox 1499 1558 1625 1613; x_wconf 67' lang='lat' dir='ltr'>digna-</span> <span class='ocrx_word' id='word_1_207' title='bbox 1647 1558 1788 1600; x_wconf 69' lang='lat' dir='ltr'>nidin-</span> 
     </span>
     <span class='ocr_line' id='line_1_21' title="bbox 205 1623 1787 1685; baseline -0.004 -13"><span class='ocrx_word' id='word_1_208' title='bbox 205 1636 292 1673; x_wconf 85' lang='lat' dir='ltr'>tur:</span> <span class='ocrx_word' id='word_1_209' title='bbox 319 1628 511 1684; x_wconf 76' lang='lat' dir='ltr'>pedaqoqi</span> <span class='ocrx_word' id='word_1_210' title='bbox 531 1628 681 1682; x_wconf 79' lang='lat' dir='ltr'>questio</span> <span class='ocrx_word' id='word_1_211' title='bbox 703 1628 849 1682; x_wconf 71' lang='lat' dir='ltr'>penitet</span> <span class='ocrx_word' id='word_1_212' title='bbox 869 1630 1051 1681; x_wconf 81' lang='lat' dir='ltr'>precepta</span> <span class='ocrx_word' id='word_1_213' title='bbox 1071 1638 1184 1679; x_wconf 76' lang='lat' dir='ltr'>aeqeo</span> <span class='ocrx_word' id='word_1_214' title='bbox 1207 1626 1301 1679; x_wconf 69' lang='lat' dir='ltr'>piae</span> <span class='ocrx_word' id='word_1_215' title='bbox 1324 1624 1458 1679; x_wconf 72' lang='lat' dir='ltr'>(adu.)</span> <span class='ocrx_word' id='word_1_216' title='bbox 1481 1623 1787 1685; x_wconf 64' lang='lat' dir='ltr'>vzamnfjactz‘o:</span> 
     </span>
     <span class='ocr_line' id='line_1_22' title="bbox 205 1689 1789 1750; baseline -0.006 -12"><span class='ocrx_word' id='word_1_217' title='bbox 205 1709 312 1738; x_wconf 85' lang='lat' dir='ltr'>orreo</span> <span class='ocrx_word' id='word_1_218' title='bbox 355 1708 475 1750; x_wconf 75' lang='lat' dir='ltr'>ymno</span> <span class='ocrx_word' id='word_1_219' title='bbox 514 1692 718 1744; x_wconf 73' lang='lat' dir='ltr'>habundo;</span> <span class='ocrx_word' id='word_1_220' title='bbox 760 1694 938 1735; x_wconf 77' lang='lat' dir='ltr'>ammitte</span> <span class='ocrx_word' id='word_1_221' title='bbox 979 1691 1122 1746; x_wconf 81' lang='lat' dir='ltr'>(adm.)</span> <span class='ocrx_word' id='word_1_222' title='bbox 1164 1704 1368 1733; x_wconf 80' lang='lat' dir='ltr'>ammoneo</span> <span class='ocrx_word' id='word_1_223' title='bbox 1410 1691 1526 1735; x_wconf 71' lang='lat' dir='ltr'>assit:</span> <span class='ocrx_word' id='word_1_224' title='bbox 1578 1689 1789 1741; x_wconf 73' lang='lat' dir='ltr'>freneticus</span> 
     </span>
     <span class='ocr_line' id='line_1_23' title="bbox 205 1754 1787 1814; baseline -0.007 -10"><span class='ocrx_word' id='word_1_225' title='bbox 205 1761 412 1814; x_wconf 74' lang='lat' dir='ltr'>triumfas;</span> <span class='ocrx_word' id='word_1_226' title='bbox 434 1760 479 1802; x_wconf 76' lang='lat' dir='ltr'>in</span> <span class='ocrx_word' id='word_1_227' title='bbox 499 1764 598 1802; x_wconf 84' lang='lat' dir='ltr'>ante</span> <span class='ocrx_word' id='word_1_228' title='bbox 619 1758 631 1800; x_wconf 89' lang='lat' dir='ltr'>l</span> <span class='ocrx_word' id='word_1_229' title='bbox 651 1763 693 1800; x_wconf 87' lang='lat' dir='ltr'>et</span> <span class='ocrx_word' id='word_1_230' title='bbox 713 1773 733 1800; x_wconf 87' lang='lat' dir='ltr'>r</span> <span class='ocrx_word' id='word_1_231' title='bbox 752 1772 834 1802; x_wconf 93' lang='lat' dir='ltr'>non</span> <span class='ocrx_word' id='word_1_232' title='bbox 856 1757 1131 1807; x_wconf 85' lang='lat' dir='ltr'>assimilatur;</span> <span class='ocrx_word' id='word_1_233' title='bbox 1153 1756 1406 1811; x_wconf 68' lang='lat' dir='ltr'>inpossibilis</span> <span class='ocrx_word' id='word_1_234' title='bbox 1427 1757 1597 1809; x_wconf 62' lang='lat' dir='ltr'>imperm</span> <span class='ocrx_word' id='word_1_235' title='bbox 1619 1754 1787 1808; x_wconf 67' lang='lat' dir='ltr'>querella</span> 
     </span>
     <span class='ocr_line' id='line_1_24' title="bbox 206 1819 1786 1880; baseline -0.004 -12"><span class='ocrx_word' id='word_1_236' title='bbox 206 1826 366 1879; x_wconf 81' lang='lat' dir='ltr'>(recte),</span> <span class='ocrx_word' id='word_1_237' title='bbox 384 1839 506 1880; x_wconf 55' lang='lat' dir='ltr'>quun</span> <span class='ocrx_word' id='word_1_238' title='bbox 525 1825 713 1879; x_wconf 64' lang='lat' dir='ltr'>euinque</span> <span class='ocrx_word' id='word_1_239' title='bbox 731 1829 773 1868; x_wconf 95' lang='lat' dir='ltr'>et</span> <span class='ocrx_word' id='word_1_240' title='bbox 791 1825 949 1879; x_wconf 72' lang='lat' dir='ltr'>extinqo</span> <span class='ocrx_word' id='word_1_241' title='bbox 966 1827 1124 1878; x_wconf 67' lang='lat' dir='ltr'>expecto</span> <span class='ocrx_word' id='word_1_242' title='bbox 1142 1823 1293 1872; x_wconf 67' lang='lat' dir='ltr'>ewulto3</span> <span class='ocrx_word' id='word_1_243' title='bbox 1313 1835 1545 1864; x_wconf 65' lang='lat' dir='ltr'>consumare</span> <span class='ocrx_word' id='word_1_244' title='bbox 1562 1834 1608 1862; x_wconf 73' lang='lat' dir='ltr'>su</span> <span class='ocrx_word' id='word_1_245' title='bbox 1613 1820 1717 1874; x_wconf 76' lang='lat' dir='ltr'>plico</span> <span class='ocrx_word' id='word_1_246' title='bbox 1736 1819 1786 1861; x_wconf 81' lang='lat' dir='ltr'>al.</span> 
     </span>
     <span class='ocr_line' id='line_1_25' title="bbox 209 1891 543 1936; baseline -0.009 0"><span class='ocrx_word' id='word_1_247' title='bbox 209 1892 387 1936; x_wconf 88' lang='lat' dir='ltr'>contulit</span> <span class='ocrx_word' id='word_1_248' title='bbox 417 1891 543 1934; x_wconf 80' lang='lat' dir='ltr'>Vrba.</span> 
     </span>
    </p>

    <p class='ocr_par' dir='ltr' id='par_1_4' title="bbox 136 1950 1793 2467">
     <span class='ocr_line' id='line_1_26' title="bbox 136 1950 1787 2010; baseline -0.006 -9"><span class='ocrx_word' id='word_1_249' title='bbox 136 1958 177 2001; x_wconf 91' lang='lat' dir='ltr'><em>D</em></span> <span class='ocrx_word' id='word_1_250' title='bbox 315 1958 458 2000; x_wconf 81' lang='lat' dir='ltr'>Codex</span> <span class='ocrx_word' id='word_1_251' title='bbox 483 1957 515 1999; x_wconf 90' lang='lat' dir='ltr'>P</span> <span class='ocrx_word' id='word_1_252' title='bbox 532 1970 558 1999; x_wconf 84' lang='lat' dir='ltr'><strong>a</strong></span> <span class='ocrx_word' id='word_1_253' title='bbox 574 1969 593 1997; x_wconf 92' lang='lat' dir='ltr'>r</span> <span class='ocrx_word' id='word_1_254' title='bbox 609 1955 623 1998; x_wconf 91' lang='lat' dir='ltr'>i</span> <span class='ocrx_word' id='word_1_255' title='bbox 640 1969 658 1997; x_wconf 86' lang='lat' dir='ltr'>s</span> <span class='ocrx_word' id='word_1_256' title='bbox 675 1957 688 1999; x_wconf 91' lang='lat' dir='ltr'>i</span> <span class='ocrx_word' id='word_1_257' title='bbox 705 1970 731 1999; x_wconf 89' lang='lat' dir='ltr'>n</span> <span class='ocrx_word' id='word_1_258' title='bbox 750 1971 776 2000; x_wconf 93' lang='lat' dir='ltr'>u</span> <span class='ocrx_word' id='word_1_259' title='bbox 794 1969 812 1998; x_wconf 87' lang='lat' dir='ltr'>s</span> <span class='ocrx_word' id='word_1_260' title='bbox 837 1970 878 1999; x_wconf 89' lang='lat' dir='ltr'>n.</span> <span class='ocrx_word' id='word_1_261' title='bbox 905 1955 1009 1998; x_wconf 84' lang='grc'>2095</span> <span class='ocrx_word' id='word_1_262' title='bbox 1035 1954 1223 2010; x_wconf 68' lang='lat' dir='ltr'>signatus</span> <span class='ocrx_word' id='word_1_263' title='bbox 1249 1953 1421 1996; x_wconf 86' lang='lat' dir='ltr'>membr.</span> <span class='ocrx_word' id='word_1_264' title='bbox 1451 1952 1563 1994; x_wconf 86' lang='lat' dir='ltr'>misc.</span> <span class='ocrx_word' id='word_1_265' title='bbox 1592 1965 1695 1994; x_wconf 84' lang='lat' dir='ltr'>saec.</span> <span class='ocrx_word' id='word_1_266' title='bbox 1728 1950 1787 1992; x_wconf 80' lang='lat' dir='ltr'>IX</span> 
     </span>
     <span class='ocr_line' id='line_1_27' title="bbox 209 2016 1789 2077; baseline -0.006 -11"><span class='ocrx_word' id='word_1_267' title='bbox 209 2027 403 2066; x_wconf 83' lang='lat' dir='ltr'>exaratus</span> <span class='ocrx_word' id='word_1_268' title='bbox 420 2022 519 2066; x_wconf 91' lang='lat' dir='ltr'>olim</span> <span class='ocrx_word' id='word_1_269' title='bbox 534 2036 559 2065; x_wconf 84' lang='lat' dir='ltr'>a</span> <span class='ocrx_word' id='word_1_270' title='bbox 573 2021 778 2065; x_wconf 88' lang='lat' dir='ltr'>Sichelmo</span> <span class='ocrx_word' id='word_1_271' title='bbox 792 2022 975 2077; x_wconf 84' lang='lat' dir='ltr'>quodam</span> <span class='ocrx_word' id='word_1_272' title='bbox 989 2021 1146 2063; x_wconf 86' lang='lat' dir='ltr'>‘sancto</span> <span class='ocrx_word' id='word_1_273' title='bbox 1159 2019 1359 2075; x_wconf 73' lang='lat' dir='ltr'>Dionysio</span> <span class='ocrx_word' id='word_1_274' title='bbox 1373 2019 1566 2062; x_wconf 79' lang='lat' dir='ltr'>donatus·</span> <span class='ocrx_word' id='word_1_275' title='bbox 1580 2016 1789 2060; x_wconf 76' lang='lat' dir='ltr'>codicibus</span> 
     </span>
     <span class='ocr_line' id='line_1_28' title="bbox 209 2084 1790 2137; baseline -0.006 -5"><span class='ocrx_word' id='word_1_276' title='bbox 209 2089 457 2132; x_wconf 76' lang='lat' dir='ltr'>Colbertinis</span> <span class='ocrx_word' id='word_1_277' title='bbox 477 2089 658 2131; x_wconf 88' lang='lat' dir='ltr'>insertus</span> <span class='ocrx_word' id='word_1_278' title='bbox 681 2093 723 2132; x_wconf 88' lang='lat' dir='ltr'>et</span> <span class='ocrx_word' id='word_1_279' title='bbox 743 2088 784 2130; x_wconf 92' lang='lat' dir='ltr'>in</span> <span class='ocrx_word' id='word_1_280' title='bbox 809 2087 908 2130; x_wconf 89' lang='lat' dir='ltr'>bibl.</span> <span class='ocrx_word' id='word_1_281' title='bbox 934 2085 1201 2130; x_wconf 80' lang='lat' dir='ltr'>Nationalem</span> <span class='ocrx_word' id='word_1_282' title='bbox 1222 2084 1451 2127; x_wconf 82' lang='lat' dir='ltr'>translatus</span> <span class='ocrx_word' id='word_1_283' title='bbox 1474 2088 1548 2125; x_wconf 86' lang='lat' dir='ltr'>est.</span> <span class='ocrx_word' id='word_1_284' title='bbox 1588 2084 1665 2125; x_wconf 81' lang='lat' dir='ltr'>hoc</span> <span class='ocrx_word' id='word_1_285' title='bbox 1688 2095 1790 2137; x_wconf 85' lang='lat' dir='ltr'>opus</span> 
     </span>
     <span class='ocr_line' id='line_1_29' title="bbox 210 2148 1792 2210; baseline -0.006 -13"><span class='ocrx_word' id='word_1_286' title='bbox 210 2154 294 2199; x_wconf 82' lang='lat' dir='ltr'>foll.</span> <span class='ocrx_word' id='word_1_287' title='bbox 330 2155 485 2197; x_wconf 83' lang='grc'>19--47</span> <span class='ocrx_word' id='word_1_288' title='bbox 516 2157 692 2210; x_wconf 82' lang='lat' dir='ltr'>prostat.</span> <span class='ocrx_word' id='word_1_289' title='bbox 741 2153 888 2197; x_wconf 86' lang='lat' dir='ltr'>folium</span> <span class='ocrx_word' id='word_1_290' title='bbox 919 2153 1100 2209; x_wconf 90' lang='lat' dir='ltr'>primum</span> <span class='ocrx_word' id='word_1_291' title='bbox 1131 2165 1258 2193; x_wconf 83' lang='lat' dir='ltr'>manu</span> <span class='ocrx_word' id='word_1_292' title='bbox 1291 2150 1517 2206; x_wconf 87' lang='lat' dir='ltr'>posteriore</span> <span class='ocrx_word' id='word_1_293' title='bbox 1547 2148 1792 2190; x_wconf 83' lang='lat' dir='ltr'>restitutum</span> 
     </span>
     <span class='ocr_line' id='line_1_30' title="bbox 211 2216 1790 2272; baseline -0.003 -10"><span class='ocrx_word' id='word_1_294' title='bbox 211 2225 287 2272; x_wconf 89' lang='lat' dir='ltr'>est,</span> <span class='ocrx_word' id='word_1_295' title='bbox 312 2224 451 2263; x_wconf 83' lang='lat' dir='ltr'>cetera</span> <span class='ocrx_word' id='word_1_296' title='bbox 473 2219 574 2263; x_wconf 85' lang='lat' dir='ltr'>folia</span> <span class='ocrx_word' id='word_1_297' title='bbox 597 2218 651 2261; x_wconf 85' lang='lat' dir='ltr'>ab</span> <span class='ocrx_word' id='word_1_298' title='bbox 676 2233 759 2263; x_wconf 92' lang='lat' dir='ltr'>uno</span> <span class='ocrx_word' id='word_1_299' title='bbox 783 2219 918 2262; x_wconf 83' lang='lat' dir='ltr'>scriba</span> <span class='ocrx_word' id='word_1_300' title='bbox 942 2217 1109 2261; x_wconf 72' lang='lat' dir='ltr'>edolata-</span> <span class='ocrx_word' id='word_1_301' title='bbox 1133 2222 1261 2272; x_wconf 86' lang='lat' dir='ltr'>atque</span> <span class='ocrx_word' id='word_1_302' title='bbox 1287 2216 1441 2272; x_wconf 83' lang='lat' dir='ltr'>passim</span> <span class='ocrx_word' id='word_1_303' title='bbox 1464 2220 1649 2257; x_wconf 81' lang='lat' dir='ltr'>correcta</span> <span class='ocrx_word' id='word_1_304' title='bbox 1674 2219 1790 2257; x_wconf 86' lang='lat' dir='ltr'>sunt:</span> 
     </span>
     <span class='ocr_line' id='line_1_31' title="bbox 211 2280 1793 2342; baseline -0.005 -14"><span class='ocrx_word' id='word_1_305' title='bbox 211 2285 374 2342; x_wconf 80' lang='lat' dir='ltr'>saepius</span> <span class='ocrx_word' id='word_1_306' title='bbox 394 2298 567 2328; x_wconf 89' lang='lat' dir='ltr'>manum</span> <span class='ocrx_word' id='word_1_307' title='bbox 587 2285 874 2328; x_wconf 81' lang='lat' dir='ltr'>correctricem</span> <span class='ocrx_word' id='word_1_308' title='bbox 893 2283 1070 2326; x_wconf 85' lang='lat' dir='ltr'>alteram</span> <span class='ocrx_word' id='word_1_309' title='bbox 1089 2296 1234 2338; x_wconf 86' lang='lat' dir='ltr'>passus</span> <span class='ocrx_word' id='word_1_310' title='bbox 1255 2287 1331 2332; x_wconf 89' lang='lat' dir='ltr'>est,</span> <span class='ocrx_word' id='word_1_311' title='bbox 1354 2294 1460 2337; x_wconf 85' lang='lat' dir='ltr'>quae</span> <span class='ocrx_word' id='word_1_312' title='bbox 1480 2280 1608 2322; x_wconf 85' lang='lat' dir='ltr'>etiam</span> <span class='ocrx_word' id='word_1_313' title='bbox 1628 2284 1793 2321; x_wconf 86' lang='lat' dir='ltr'>senten-</span> 
     </span>
     <span class='ocr_line' id='line_1_32' title="bbox 212 2344 1793 2407; baseline -0.006 -13"><span class='ocrx_word' id='word_1_314' title='bbox 212 2352 292 2394; x_wconf 87' lang='lat' dir='ltr'>tia-s</span> <span class='ocrx_word' id='word_1_315' title='bbox 312 2350 722 2407; x_wconf 86' lang='lat' dir='ltr'>interpunctionibus</span> <span class='ocrx_word' id='word_1_316' title='bbox 743 2350 951 2394; x_wconf 87' lang='lat' dir='ltr'>distinxit.</span> <span class='ocrx_word' id='word_1_317' title='bbox 984 2349 1094 2392; x_wconf 92' lang='lat' dir='ltr'>hunc</span> <span class='ocrx_word' id='word_1_318' title='bbox 1118 2349 1303 2391; x_wconf 85' lang='lat' dir='ltr'>codicem</span> <span class='ocrx_word' id='word_1_319' title='bbox 1326 2346 1586 2389; x_wconf 81' lang='lat' dir='ltr'>Benedictini</span> <span class='ocrx_word' id='word_1_320' title='bbox 1611 2345 1652 2386; x_wconf 90' lang='lat' dir='ltr'>in</span> <span class='ocrx_word' id='word_1_321' title='bbox 1675 2344 1793 2387; x_wconf 85' lang='lat' dir='ltr'>ador-</span> 
     </span>
     <span class='ocr_line' id='line_1_33' title="bbox 211 2409 1791 2467; baseline -0.006 -8"><span class='ocrx_word' id='word_1_322' title='bbox 211 2417 354 2460; x_wconf 84' lang='lat' dir='ltr'>nanda</span> <span class='ocrx_word' id='word_1_323' title='bbox 381 2417 564 2460; x_wconf 83' lang='lat' dir='ltr'>editione</span> <span class='ocrx_word' id='word_1_324' title='bbox 594 2428 668 2460; x_wconf 87' lang='lat' dir='ltr'>sua</span> <span class='ocrx_word' id='word_1_325' title='bbox 693 2415 920 2460; x_wconf 85' lang='lat' dir='ltr'>Colbertini</span> <span class='ocrx_word' id='word_1_326' title='bbox 951 2415 1118 2458; x_wconf 91' lang='lat' dir='ltr'>nomine</span> <span class='ocrx_word' id='word_1_327' title='bbox 1148 2414 1432 2467; x_wconf 72' lang='lat' dir='ltr'>signauerunt.</span> <span class='ocrx_word' id='word_1_328' title='bbox 1471 2410 1648 2453; x_wconf 86' lang='lat' dir='ltr'>contulit</span> <span class='ocrx_word' id='word_1_329' title='bbox 1667 2409 1791 2451; x_wconf 73' lang='lat' dir='ltr'>Yrba.</span> 
     </span>
    </p>

    <p class='ocr_par' dir='ltr' id='par_1_5' title="bbox 144 2474 1797 2932">
     <span class='ocr_line' id='line_1_34' title="bbox 144 2474 1795 2526; baseline -0.006 0"><span class='ocrx_word' id='word_1_330' title='bbox 144 2482 183 2526; x_wconf 94' lang='lat' dir='ltr'><strong><em>P</em></strong></span> <span class='ocrx_word' id='word_1_331' title='bbox 318 2483 461 2526; x_wconf 79' lang='lat' dir='ltr'>Codex</span> <span class='ocrx_word' id='word_1_332' title='bbox 494 2482 825 2526; x_wconf 64' lang='lat' dir='ltr'>Parisinus</span> <span class='ocrx_word' id='word_1_333' title='bbox 858 2481 964 2525; x_wconf 89' lang='grc'>9544</span> <span class='ocrx_word' id='word_1_334' title='bbox 997 2480 1169 2522; x_wconf 90' lang='lat' dir='ltr'>membr.</span> <span class='ocrx_word' id='word_1_335' title='bbox 1206 2479 1320 2521; x_wconf 87' lang='lat' dir='ltr'>misc.</span> <span class='ocrx_word' id='word_1_336' title='bbox 1356 2477 1441 2520; x_wconf 79' lang='lat' dir='ltr'>foll.</span> <span class='ocrx_word' id='word_1_337' title='bbox 1477 2478 1555 2519; x_wconf 87' lang='grc'>214</span> <span class='ocrx_word' id='word_1_338' title='bbox 1588 2488 1692 2517; x_wconf 88' lang='lat' dir='ltr'>saec.</span> <span class='ocrx_word' id='word_1_339' title='bbox 1731 2474 1795 2516; x_wconf 79' lang='lat' dir='ltr'>IX</span> 
     </span>
     <span class='ocr_line' id='line_1_35' title="bbox 213 2539 1794 2604; baseline -0.006 -13"><span class='ocrx_word' id='word_1_340' title='bbox 213 2547 363 2590; x_wconf 88' lang='lat' dir='ltr'>litteris</span> <span class='ocrx_word' id='word_1_341' title='bbox 392 2547 679 2604; x_wconf 86' lang='lat' dir='ltr'>pulcherrimis</span> <span class='ocrx_word' id='word_1_342' title='bbox 707 2547 885 2603; x_wconf 89' lang='lat' dir='ltr'>scriptus</span> <span class='ocrx_word' id='word_1_343' title='bbox 915 2545 1162 2602; x_wconf 88' lang='lat' dir='ltr'>opusculum</span> <span class='ocrx_word' id='word_1_344' title='bbox 1192 2545 1243 2587; x_wconf 91' lang='lat' dir='ltr'>de</span> <span class='ocrx_word' id='word_1_345' title='bbox 1272 2549 1424 2586; x_wconf 86' lang='lat' dir='ltr'>natura</span> <span class='ocrx_word' id='word_1_346' title='bbox 1453 2548 1495 2584; x_wconf 89' lang='lat' dir='ltr'>et</span> <span class='ocrx_word' id='word_1_347' title='bbox 1524 2541 1658 2591; x_wconf 63' lang='lat' dir='ltr'>‚aratia</span> <span class='ocrx_word' id='word_1_348' title='bbox 1687 2539 1794 2583; x_wconf 84' lang='lat' dir='ltr'>foliis</span> 
     </span>
     <span class='ocr_line' id='line_1_36' title="bbox 214 2606 1796 2662; baseline -0.006 -5"><span class='ocrx_word' id='word_1_349' title='bbox 214 2613 372 2657; x_wconf 79' lang='lat'>25—65</span> <span class='ocrx_word' id='word_1_350' title='bbox 412 2613 594 2657; x_wconf 86' lang='lat' dir='ltr'>exhibet.</span> <span class='ocrx_word' id='word_1_351' title='bbox 650 2613 718 2657; x_wconf 90' lang='lat' dir='ltr'>hic</span> <span class='ocrx_word' id='word_1_352' title='bbox 757 2613 889 2656; x_wconf 88' lang='lat' dir='ltr'>codex</span> <span class='ocrx_word' id='word_1_353' title='bbox 928 2612 1095 2655; x_wconf 90' lang='lat' dir='ltr'>eosdem</span> <span class='ocrx_word' id='word_1_354' title='bbox 1134 2613 1341 2653; x_wconf 86' lang='lat' dir='ltr'>tractatus</span> <span class='ocrx_word' id='word_1_355' title='bbox 1383 2609 1611 2662; x_wconf 87' lang='lat' dir='ltr'>eodemque</span> <span class='ocrx_word' id='word_1_356' title='bbox 1651 2606 1796 2649; x_wconf 87' lang='lat' dir='ltr'>ordine</span> 
     </span>
     <span class='ocr_line' id='line_1_37' title="bbox 215 2671 1796 2735; baseline -0.006 -13"><span class='ocrx_word' id='word_1_357' title='bbox 215 2680 480 2722; x_wconf 84' lang='lat' dir='ltr'>decurrentes</span> <span class='ocrx_word' id='word_1_358' title='bbox 503 2683 632 2735; x_wconf 85' lang='lat' dir='ltr'>atque</span> <span class='ocrx_word' id='word_1_359' title='bbox 654 2678 840 2734; x_wconf 90' lang='lat' dir='ltr'>superior</span> <span class='ocrx_word' id='word_1_360' title='bbox 863 2677 1000 2722; x_wconf 81' lang='lat' dir='ltr'>offert.</span> <span class='ocrx_word' id='word_1_361' title='bbox 1042 2689 1136 2732; x_wconf 84' lang='lat' dir='ltr'>pars</span> <span class='ocrx_word' id='word_1_362' title='bbox 1161 2675 1312 2719; x_wconf 90' lang='lat' dir='ltr'>codicis</span> <span class='ocrx_word' id='word_1_363' title='bbox 1336 2679 1527 2716; x_wconf 89' lang='lat' dir='ltr'>nostrum</span> <span class='ocrx_word' id='word_1_364' title='bbox 1550 2671 1796 2728; x_wconf 84' lang='lat' dir='ltr'>opuseulum</span> 
     </span>
     <span class='ocr_line' id='line_1_38' title="bbox 216 2737 1796 2795; baseline -0.006 -7"><span class='ocrx_word' id='word_1_365' title='bbox 216 2756 465 2788; x_wconf 83' lang='lat' dir='ltr'>conseruans</span> <span class='ocrx_word' id='word_1_366' title='bbox 488 2744 542 2788; x_wconf 82' lang='lat' dir='ltr'>ab</span> <span class='ocrx_word' id='word_1_367' title='bbox 564 2758 648 2788; x_wconf 91' lang='lat' dir='ltr'>uno</span> <span class='ocrx_word' id='word_1_368' title='bbox 671 2744 807 2787; x_wconf 83' lang='lat' dir='ltr'>scriba</span> <span class='ocrx_word' id='word_1_369' title='bbox 829 2742 1020 2786; x_wconf 82' lang='lat' dir='ltr'>confecta</span> <span class='ocrx_word' id='word_1_370' title='bbox 1042 2742 1096 2784; x_wconf 85' lang='lat' dir='ltr'>ab</span> <span class='ocrx_word' id='word_1_371' title='bbox 1119 2742 1348 2795; x_wconf 88' lang='lat' dir='ltr'>eodemque</span> <span class='ocrx_word' id='word_1_372' title='bbox 1372 2738 1514 2782; x_wconf 89' lang='lat' dir='ltr'>multis</span> <span class='ocrx_word' id='word_1_373' title='bbox 1537 2737 1635 2780; x_wconf 90' lang='lat' dir='ltr'>locis</span> <span class='ocrx_word' id='word_1_374' title='bbox 1659 2749 1796 2780; x_wconf 89' lang='lat' dir='ltr'>emen-</span> 
     </span>
     <span class='ocr_line' id='line_1_39' title="bbox 216 2802 1797 2861; baseline -0.005 -8"><span class='ocrx_word' id='word_1_375' title='bbox 216 2809 319 2853; x_wconf 82' lang='lat' dir='ltr'>data</span> <span class='ocrx_word' id='word_1_376' title='bbox 340 2814 423 2861; x_wconf 81' lang='lat' dir='ltr'>est3</span> <span class='ocrx_word' id='word_1_377' title='bbox 446 2815 708 2854; x_wconf 86' lang='lat' dir='ltr'>correcturae</span> <span class='ocrx_word' id='word_1_378' title='bbox 728 2810 798 2853; x_wconf 90' lang='lat' dir='ltr'>m2</span> <span class='ocrx_word' id='word_1_379' title='bbox 820 2809 995 2853; x_wconf 86' lang='lat' dir='ltr'>rariores</span> <span class='ocrx_word' id='word_1_380' title='bbox 1017 2811 1129 2850; x_wconf 90' lang='lat' dir='ltr'>sunt.</span> <span class='ocrx_word' id='word_1_381' title='bbox 1169 2806 1210 2848; x_wconf 94' lang='lat' dir='ltr'>in</span> <span class='ocrx_word' id='word_1_382' title='bbox 1233 2805 1355 2848; x_wconf 88' lang='lat' dir='ltr'>rebus</span> <span class='ocrx_word' id='word_1_383' title='bbox 1379 2803 1708 2860; x_wconf 87' lang='lat' dir='ltr'>orthographicis</span> <span class='ocrx_word' id='word_1_384' title='bbox 1730 2802 1797 2846; x_wconf 91' lang='lat' dir='ltr'>hic</span> 
     </span>
     <span class='ocr_line' id='line_1_40' title="bbox 215 2867 1795 2932; baseline -0.006 -13"><span class='ocrx_word' id='word_1_385' title='bbox 215 2875 351 2919; x_wconf 88' lang='lat' dir='ltr'>codex</span> <span class='ocrx_word' id='word_1_386' title='bbox 378 2879 422 2918; x_wconf 88' lang='lat' dir='ltr'>et</span> <span class='ocrx_word' id='word_1_387' title='bbox 449 2876 638 2932; x_wconf 85' lang='lat' dir='ltr'>superior</span> <span class='ocrx_word' id='word_1_388' title='bbox 666 2887 763 2919; x_wconf 89' lang='lat' dir='ltr'>cum</span> <span class='ocrx_word' id='word_1_389' title='bbox 792 2874 827 2917; x_wconf 94' lang='lat' dir='ltr'><strong><em>L</em></strong></span> <span class='ocrx_word' id='word_1_390' title='bbox 853 2885 1017 2929; x_wconf 88' lang='lat' dir='ltr'>semper</span> <span class='ocrx_word' id='word_1_391' title='bbox 1044 2872 1131 2915; x_wconf 77' lang='lat' dir='ltr'>fere</span> <span class='ocrx_word' id='word_1_392' title='bbox 1159 2871 1413 2926; x_wconf 84' lang='lat' dir='ltr'>conspirant.</span> <span class='ocrx_word' id='word_1_393' title='bbox 1461 2867 1640 2913; x_wconf 88' lang='lat' dir='ltr'>contulit</span> <span class='ocrx_word' id='word_1_394' title='bbox 1668 2868 1795 2912; x_wconf 84' lang='lat' dir='ltr'>Vrba.</span> 
     </span>
    </p>
   </div>
   <div class='ocr_carea' id='block_1_3' title="bbox 0 0 113 3256">
    <p class='ocr_par' dir='ltr' id='par_1_6' title="bbox 0 0 113 3256">
     <span class='ocr_line' id='line_1_41' title="bbox 0 0 113 3256; baseline 0 0"><span class='ocrx_word' id='word_1_395' title='bbox 0 0 113 3256; x_wconf 95' lang='lat' dir='ltr'> </span> 
     </span>
    </p>
   </div>
  </div>
 </body>
</html>
