2028 3204
240 171 319 214 334
684 185 743 220 IV.
773 185 824 220 De
857 190 986 222 natura
1016 190 1053 223 ct
1083 186 1216 234 origine
1244 187 1384 224 animae

239 308 377 360 modo,
411 309 489 351 hoc
531 315 612 352 est:
658 312 723 353 ‘ne
763 310 907 354 dicant
949 326 973 355 a
1013 312 1091 355 deo
1132 312 1222 355 fieri
1264 313 1425 356 animas
1457 315 1705 370 peccatrices
1738 328 1810 370 per

237 373 418 417 alienum
440 375 635 430 originale
651 380 890 432 peccatum;
925 391 975 420 ne
999 377 1143 421 dicant
1165 378 1374 434 paruulos,
1398 379 1467 435 qui
1492 379 1580 422 sine
1601 379 1811 436 baptismo

237 439 427 490 exierint,
462 441 678 496 peruenire
710 455 829 497 posse
850 442 903 484 ad
922 443 1056 485 uitam
1083 448 1296 487 aeternam
1320 458 1576 501 regnumque
1602 446 1809 488 caelorum

238 505 425 560 originali
456 512 628 561 peccato
660 521 733 563 per
765 508 982 563 quodlibet
1014 508 1128 551 aliud
1158 510 1358 560 resoluto;
1394 524 1443 553 ne
1476 510 1618 553 dicant
1651 511 1810 554 animas

241 584 431 625 peccasse
473 572 626 614 alicubi
667 578 764 615 ante
797 586 962 616 carnem
1005 579 1047 617 et
1087 575 1166 618 hoc
1206 575 1354 618 merito
1397 577 1436 618 in
1469 589 1634 618 carnem
1670 590 1810 631 pecca·
1835 590 1853 618 5

237 636 383 678 tricem
429 637 554 679 fuisse
587 638 795 689 detrusas;
841 653 891 681 ne
933 639 1075 682 dicant
1107 647 1291 697 peccata,
1336 655 1443 697 quae
1474 641 1517 684 in
1549 641 1606 684 eis
1638 642 1811 685 inuenta

242 715 324 744 non
357 708 469 753 sunt,
505 703 602 758 quia
635 706 841 759 praescita
872 710 982 757 sunt,
1017 706 1166 748 merito
1183 706 1307 748 fuisse
1331 707 1492 762 punita,
1522 721 1616 749 eum
1642 707 1694 750 ad
1717 721 1807 750 eam

242 768 387 819 uitam,
422 768 493 811 ubi
534 782 581 811 ea
623 771 947 821 committerent,
989 772 1211 826 permissae
1253 785 1333 814 non
1377 772 1532 815 fuerint
1565 773 1803 827 peruenire‘.

240 833 342 876 nihil
375 847 468 890 ergo
502 835 678 877 istorum
712 841 913 891 quattuor
945 837 1142 888 dicentes,
1180 838 1377 892 quoniam
1416 838 1631 893 quodlibet
1663 851 1805 881 eorum

239 898 389 941 falsum
406 904 535 955 atque
551 900 725 954 impium
748 907 822 952 est,
854 902 1072 944 inueniant
1104 902 1230 945 etiam
1255 904 1556 958 scripturarum
1582 903 1632 946 de
1658 904 1734 947 hac
1766 916 1809 946 re
1840 915 1878 945 ιο

238 965 468 1007 certissima
508 966 750 1009 testimonia
790 972 832 1009 et
873 968 980 1010 hanc
1019 969 1273 1012 sententiam
1316 982 1433 1011 suam
1465 983 1547 1011 non
1576 969 1709 1011 solum
1744 983 1809 1011 me

238 1043 320 1072 non
356 1035 539 1084 uetante,
575 1046 719 1074 uerum
751 1033 879 1075 etiam
908 1034 1078 1076 fauente
1122 1040 1163 1076 et
1195 1035 1349 1090 gratias
1386 1040 1534 1090 agente
1566 1034 1806 1078 defendant.

241 1095 275 1137 si
316 1102 458 1138 autem
501 1111 584 1139 non
633 1097 853 1141 inueniunt
895 1099 1167 1142 certissimam
1219 1099 1270 1142 de
1313 1101 1389 1142 hac
1429 1113 1473 1142 re
1514 1100 1808 1143 auctoritatem

242 1161 479 1204 diuinorum
512 1163 768 1218 eloquiorum
805 1170 847 1206 et
891 1164 1047 1219 aliquid
1091 1165 1255 1208 illorum
1289 1170 1491 1221 quattuor
1522 1179 1594 1221 per
1626 1166 1808 1221 inopiam

238 1226 371 1269 dicere
403 1228 706 1282 conpelluntur,
751 1229 973 1272 cohibeant
1005 1244 1060 1283 se,
1102 1244 1153 1273 ne
1195 1244 1267 1286 per
1297 1231 1433 1285 ipsam
1464 1231 1648 1286 inopiam
1681 1231 1808 1273 etiam
1839 1243 1876 1272 ¹5

238 1292 508 1347 paxuulorum
550 1295 709 1337 animas
750 1309 833 1338 non
884 1295 1034 1338 habere
1076 1296 1271 1352 originale
1320 1302 1540 1352 peccatum
1581 1297 1808 1339 secundum

241 1358 504 1413 Pelagianam
537 1360 712 1403 heresim
751 1361 848 1403 olim
891 1361 1172 1404 damnabilem
1216 1363 1533 1418 nuperrimeque
1565 1362 1808 1405 damnatam

238 1424 372 1466 dicere
395 1426 695 1481 conpellantur.
731 1426 880 1469 melius
902 1433 965 1470 est
986 1427 1094 1469 enim
1119 1427 1277 1470 homini
1299 1428 1421 1471 fateri
1445 1441 1487 1470 se
1511 1428 1668 1470 nescire
1695 1428 1805 1483 quod

238 1491 369 1532 nescit
412 1504 537 1546 quam
588 1492 631 1533 in
672 1492 849 1534 heresim
891 1492 958 1536 uel
1004 1493 1249 1535 damnatam
1296 1493 1502 1536 incurrere
1549 1493 1614 1535 uel
1655 1506 1808 1535 nouam

237 1557 425 1608 condere,
470 1556 570 1598 dum
614 1563 769 1600 temere
809 1558 939 1601 audet
979 1558 1192 1601 defensare
1234 1559 1347 1614 quod
1380 1559 1521 1601 nescit.
1565 1558 1646 1601 alia
1687 1558 1808 1601 huius
1835 1570 1877 1600 2⁰

237 1621 418 1664 hominis
447 1621 554 1664 falsa
586 1627 628 1664 et
659 1623 852 1674 absurda,
885 1624 928 1666 in
962 1623 1112 1679 quibus
1145 1638 1227 1666 non
1259 1630 1348 1666 tam
1382 1624 1619 1679 periculose,
1663 1637 1807 1666 uerum

239 1690 383 1729 tamen
405 1688 618 1730 atramite
651 1688 841 1731 ueritatis
874 1689 1098 1742 exorbitat,
1134 1690 1331 1745 quoniam
1365 1689 1501 1732 multa
1532 1694 1643 1739 sunt,
1678 1694 1719 1731 et
1752 1689 1805 1731 ad

243 1751 380 1807 ipsum
427 1753 568 1805 etiam,
612 1754 645 1795 si
686 1753 878 1797 dominus
923 1754 1116 1807 uoluerit,
1156 1755 1313 1811 aliquid
1355 1755 1406 1797 de
1447 1755 1562 1797 libris
1594 1755 1679 1797 eius
1711 1754 1806 1797 uolo

240 1818 438 1869 scribere;
470 1818 529 1860 ibi
560 1819 737 1862 forsitan
770 1819 910 1862 omnia
942 1820 1020 1872 uel,
1054 1820 1087 1862 si
1120 1821 1260 1862 omnia·
1291 1833 1375 1863 non
1410 1825 1596 1875 potuero,
1630 1819 1810 1875 plurima

238 1884 468 1927 ostendam.
1834 1897 1876 1927 2⁵

325 1968 423 2010 XX.
443 1967 505 2011 35.
527 1969 661 2010 Istum
678 1973 821 2011 autem
836 1969 1002 2021 librum,
1026 1982 1149 2024 quem
1172 1968 1223 2011 ad
1255 1974 1295 2012 te
1319 1969 1471 2025 potius,
1502 1968 1573 2024 qui
1598 1982 1738 2012 curam
1765 1974 1807 2010 et

242 2034 340 2076 fidei
370 2039 536 2076 nostrae
565 2039 606 2076 et
633 2033 956 2077 existimationis
988 2048 1105 2078 meae
1129 2039 1177 2077 ut
1200 2047 1322 2077 uerus
1347 2033 1577 2077 catholicus
1609 2039 1650 2076 et
1675 2033 1807 2076 bonus

237 2099 394 2142 amicus
427 2098 608 2142 fideliter
638 2100 898 2155 benigneque
928 2100 1105 2156 gessisti,
1150 2113 1278 2156 quam
1310 2100 1362 2142 ad
1397 2099 1524 2142 alium
1557 2112 1811 2155 quemquam

243 2164 506 2207 scribendum
538 2165 701 2220 putaui,
735 2169 783 2208 tu
815 2165 1035 2221 legendum
1067 2165 1186 2208 dabis
1218 2165 1284 2208 uel
1316 2164 1632 2208 describendum
1657 2164 1807 2221 quibus

330 2326 370 2360 17
391 2324 436 2360 cf.
453 2325 506 2359 De
525 2324 632 2371 gestis
656 2324 790 2371 Pelagii
810 2326 863 2367 14,
885 2325 929 2361 30
944 2325 1073 2370 (CSEL
1093 2325 1198 2360 XLII
1216 2327 1272 2368 84,
1293 2325 1330 2370 5)

331 2431 351 2465 2
363 2430 480 2467 alienu
493 2431 537 2466 M
635 2434 658 2468 3
676 2430 752 2467 uita
764 2433 796 2466 A
903 2434 921 2467 7
939 2442 1011 2467 non
1027 2443 1092 2468 om.
1103 2432 1136 2467 E
1228 2430 1384 2478 praescia
1395 2431 1436 2466 M
1535 2431 1556 2465 8
1568 2430 1624 2477 ea]
1638 2441 1717 2466 eam
1729 2430 1801 2465 CM

240 2493 281 2527 12
303 2491 551 2527 nouotanteM
643 2492 683 2526 17
702 2491 946 2537 paelagianam
957 2491 989 2526 F
1078 2492 1233 2526 heresem
1251 2489 1424 2526 ABCFM
1524 2490 1565 2525 18
1589 2489 1683 2525 enim
1699 2489 1802 2525 mG

239 2550 390 2587 hominis
409 2551 589 2586 ACleG
690 2551 732 2586 19
750 2550 865 2586 neresi
878 2552 910 2586 A
1015 2550 1238 2597 uel—huius]
1257 2550 1371 2586 audet
1383 2549 1447 2595 qui
1467 2549 1582 2585 nescit
1603 2548 1805 2585 alicuioeM

242 2611 286 2645 20
300 2610 480 2646 defensare
492 2611 600 2646 audet
611 2610 645 2646 D
688 2610 822 2645 audent
834 2610 853 2644 b
898 2609 1104 2646 suntaliaF
1157 2609 1307 2646 alicuius
1314 2610 1392 2655 (cn.
1405 2609 1569 2655 huius)D
1613 2610 1656 2644 22
1668 2619 1692 2644 a
1703 2609 1804 2644 onA

240 2670 424 2714 tramitate
437 2669 470 2705 Β
558 2669 763 2705 exorbitant
772 2670 803 2704 Ε
894 2669 937 2705 23
946 2668 1127 2715 dominus}
1135 2670 1220 2706 dms
1233 2669 1266 2704 Ε
1353 2669 1397 2705 22
1405 2667 1470 2705 ubi
1477 2668 1507 2704 0
1591 2666 1758 2704 tonitnt
1766 2667 1801 2703 A

240 2731 282 2765 27
290 2729 572 2766 msthnacionis
583 2729 648 2765 AG
667 2727 945 2765 exestimationis
958 2729 989 2763 F
1100 2729 1144 2764 28
1154 2728 1276 2775 gesisti
1290 2728 1320 2763 C
1342 2726 1479 2763 ims'ati
1487 2728 1519 2763 Ε
1627 2737 1732 2774 quem
1742 2726 1802 2762 FG

240 2792 411 2836 quanqua
422 2788 452 2823 F
528 2789 571 2824 29
588 2788 643 2835 tu]
657 2789 734 2824 add.
752 2788 803 2824 ibi
816 2788 850 2824 D
862 2788 956 2824 hunc
966 2788 1008 2823 Μ
1084 2787 1308 2824 scribendum
1323 2787 1356 2822 Ε
