1976 3210
271 200 326 241 70
659 210 685 245 Ι.
712 210 764 245 De
788 214 1013 256 peccatorum
1037 209 1172 245 meritis
1194 213 1231 246 et
1253 210 1455 246 remissione

269 334 398 390 magis
434 335 596 390 possint
631 335 855 378 esurientes
891 335 989 378 flere
1026 349 1152 391 quam
1188 349 1341 391 sugere.
1395 337 1566 392 proinde
1602 337 1842 381 infirmitati

269 400 419 442 mentis
451 400 640 455 congruit
670 401 771 443 haec
802 401 969 443 omnino
999 401 1222 443 infirmitas
1253 402 1445 457 corporis.
1465 415 1541 445 nec
1571 402 1716 445 fuisset
1747 416 1841 446 caro

271 466 421 508 Christi
450 466 492 508 in
523 466 791 509 similitudine
821 467 954 509 carnis
984 467 1157 522 peccati,
1188 467 1266 509 nisi
1296 480 1390 509 caro
1420 472 1527 510 esset
1556 467 1638 510 ista
1666 469 1840 524 peccati,

271 531 385 573 cuius
416 532 597 586 pondere
627 532 842 574 rationalis
874 532 1013 574 anima
1043 532 1100 575 sic
1130 537 1342 588 grauatur,
1375 533 1462 575 siue
1493 537 1536 575 et
1566 533 1658 589 ipsa
1687 547 1739 577 ex
1770 548 1843 590 pa-

270 597 458 639 rentibus
483 601 622 639 tracta
646 597 699 639 sit
722 598 810 640 siue
834 597 989 640 ibidem
1015 603 1155 640 creata
1179 598 1265 640 siue
1289 598 1465 654 desuper
1488 599 1703 655 inspirata,
1732 600 1842 656 quod
1870 612 1888 641 5

271 676 380 704 nunc
412 676 606 717 quaerere
635 662 797 705 differo.

377 728 587 770 XXXIX.
620 728 749 771 70.1n
772 728 958 784 paruulis
983 733 1092 771 certe
1115 729 1253 784 gratia
1275 729 1341 771 dei
1365 742 1437 784 per
1461 729 1718 785 baptismum
1743 731 1841 782 eius,

273 793 341 848 qui
365 794 481 836 uenit
501 794 544 836 in
566 794 835 836 similitudine
857 794 990 837 carnis
1012 795 1240 850 peccati‚id
1263 795 1410 850 agitur,
1435 799 1483 837 ut
1505 800 1728 838 euacuetur
1750 809 1844 839 caro

271 859 445 914 peccati.
489 864 716 902 euacuatur
743 864 897 911 autem,
924 873 1008 902 non
1035 864 1082 902 ut
1107 860 1149 902 in
1174 860 1265 915 ipsa
1291 860 1458 903 uiuente
1495 873 1615 903 carne
1651 862 1843 917 concupi-

272 925 429 966 scentia
441 938 659 980 conspersa
671 929 712 967 et
723 925 870 967 innata
886 929 1055 980 repente
1074 925 1318 968 absumatur
1337 930 1379 968 et
1397 939 1480 968 non
1498 925 1565 977 sit,
1579 927 1645 968 sed
1667 941 1718 969 ne
1737 927 1846 970 obsit
1876 938 1915 967 10

272 995 450 1041 mortuo,
476 1004 582 1045 quae
604 991 738 1032 inerat
759 995 872 1033 nato.
896 1004 994 1032 nam
1017 991 1049 1033 si
1071 996 1166 1046 post
1189 991 1445 1046 baptismum
1468 992 1618 1034 uixerit
1641 997 1768 1047 atque
1790 993 1842 1035 ad

273 1060 454 1098 aetatem
482 1069 676 1111 capacem
703 1057 915 1112 praecepti
939 1057 1153 1111 peruenire
1179 1057 1376 1112 potuerit,
1404 1056 1462 1098 ibi
1489 1057 1615 1099 habet
1641 1071 1736 1100 cum
1763 1071 1846 1113 qua

272 1126 431 1176 pugnet
457 1135 631 1176 eamque
666 1121 893 1164 adiuuante
926 1122 1003 1164 deo
1029 1127 1206 1177 superet,
1233 1122 1265 1164 si
1290 1136 1373 1166 non
1397 1122 1439 1164 in
1465 1136 1644 1165 uacuum
1667 1124 1846 1178 gratiam

276 1187 361 1229 eius
400 1187 595 1242 suscepit,
635 1187 667 1229 si
705 1187 904 1242 reprobus
943 1201 1028 1229 esse
1065 1187 1256 1230 noluerit.
1287 1201 1385 1230 nam
1414 1202 1488 1230 nec
1515 1188 1739 1244 grandibus
1770 1189 1846 1231 hoc

273 1257 512 1307 praestatur
544 1253 587 1295 in
619 1253 842 1308 baptismo,
876 1253 954 1294 nisi
987 1253 1093 1295 forte
1125 1253 1323 1296 miraculo
1355 1253 1557 1296 ineffabili
1589 1255 1847 1310 omnipoten-
1878 1265 1914 1294 15

273 1318 423 1360 tissimi
451 1318 659 1369 creatoris,
689 1323 737 1360 ut
763 1318 830 1360 lex
856 1318 1029 1373 peccati,
1059 1332 1164 1373 quae
1191 1319 1298 1361 inest
1324 1319 1367 1361 in
1393 1319 1587 1361 membris
1613 1333 1847 1375 repugnans

275 1383 353 1438 legi
399 1383 564 1434 mentis,
610 1384 775 1439 penitus
816 1384 1085 1439 extinguatur
1125 1389 1166 1426 et
1209 1398 1291 1428 non
1341 1384 1408 1435 sit,
1460 1385 1530 1427 sed
1580 1390 1628 1427 ut
1651 1385 1846 1441 quicquid

274 1448 371 1490 mali
390 1449 442 1490 ab
455 1449 620 1491 homine
642 1449 814 1500 factum,
839 1449 1011 1500 dictum,
1036 1449 1265 1505 cogitatum
1287 1454 1362 1501 est,
1387 1463 1481 1492 cum
1503 1450 1635 1492 eidem
1657 1451 1847 1506 concupi-

275 1514 455 1556 scentiae
479 1514 667 1557 subiecta
689 1519 828 1556 mente
851 1514 1036 1566 seruiret,
1061 1519 1200 1557 totum
1223 1515 1438 1557 aboleatur
1471 1529 1518 1557 ac
1551 1516 1665 1558 uelut
1689 1516 1847 1558 factum

275 1593 359 1622 non
385 1580 510 1622 fuerit
536 1580 752 1631 habeatur,
765 1580 856 1635 ipsa
880 1593 977 1622 uero
1003 1580 1138 1622 soluto
1162 1585 1302 1623 reatus
1327 1581 1504 1632 uinculo,
1533 1594 1614 1636 quo
1638 1595 1710 1637 per
1735 1581 1847 1623 illam
1874 1593 1916 1623 20

275 1645 464 1688 diabolus
476 1646 659 1687 animam
671 1645 892 1696 retinebat,
906 1650 947 1687 et
958 1646 1247 1688 interclusione
1258 1646 1483 1697 destructa,
1505 1659 1587 1701 qua
1606 1647 1814 1689 hominem
1826 1660 1851 1689 a

275 1724 348 1753 suo
358 1715 542 1753 creatore
551 1711 785 1766 separabat,
796 1711 1014 1753 maneatin
1027 1711 1263 1762 certamine,
1278 1725 1359 1767 quo
1371 1725 1517 1767 corpus
1529 1716 1718 1755 nostrum
1727 1712 1848 1754 casti-

274 1789 419 1831 gamus
438 1781 479 1818 et
507 1777 700 1819 seruituti
728 1776 964 1828 subicimus,
985 1777 1111 1819 uelad
1132 1791 1228 1819 usus
1254 1777 1388 1819 licitos
1406 1782 1447 1819 et
1473 1778 1720 1820 necessarios
1745 1777 1848 1820 rela-

275 1842 414 1884 xanda
425 1842 490 1884 uel
502 1842 759 1884 continentia
766 1842 1006 1885 cohibenda.
1020 1842 1091 1884 sed
1101 1842 1297 1898 quoniam
1307 1843 1449 1885 diuino
1461 1843 1620 1898 spiritu,
1635 1843 1704 1898 qui
1715 1843 1848 1885 multo

275 1907 419 1949 melius
438 1921 563 1962 quam
576 1921 650 1950 nos
668 1907 807 1950 omnia
816 1907 973 1962 generis
991 1908 1161 1950 humani
1178 1908 1309 1958 nouit,
1328 1908 1394 1950 uel
1409 1908 1636 1963 praeterita
1651 1908 1717 1951 uel
1733 1921 1849 1963 prae·
1875 1919 1916 1950 25

276 1973 410 2015 sentia
421 1972 486 2015 uel
499 1973 652 2024 futura,
666 1973 763 2015 talis
775 1973 865 2015 uita
876 1973 1059 2015 humana
1069 1973 1336 2029 praecognita
1347 1978 1474 2029 atque
1486 1974 1700 2029 praedicta
1711 1978 1786 2024 est,
1801 1979 1848 2016 ut

365 2118 385 2150 4
405 2115 447 2150 cf.
469 2115 549 2160 Sap.
569 2115 600 2156 9,
622 2115 662 2150 15
708 2116 729 2150 8
748 2114 789 2150 cf.
812 2116 912 2151 Rom.
933 2116 965 2155 8,
982 2116 1013 2150 3.
1032 2115 1064 2157 6,
1082 2116 1103 2150 6
1152 2115 1192 2150 16
1212 2115 1254 2150 cf.
1277 2116 1376 2151 Rom.
1398 2117 1428 2157 7,
1441 2116 1484 2150 23
1541 2117 1582 2151 22
1594 2115 1635 2151 cf.
1651 2115 1665 2150 I
1679 2116 1752 2151 Cor.
1766 2116 1797 2157 9,
1809 2116 1850 2151 27

367 2224 383 2257 1
400 2225 547 2267 possunt
560 2221 593 2256 K
598 2222 674 2256 AM
765 2232 906 2267 suggere
920 2222 1038 2256 LAml
1131 2221 1277 2256 infirmis
1291 2221 1515 2257 nutrimentis
1530 2222 1571 2256 M
1653 2223 1673 2257 2
1687 2222 1790 2258 fuisse
1803 2222 1847 2257 M

276 2282 297 2316 3
325 2280 588 2316 similitudinem
616 2280 827 2315 LSlePG
966 2280 1212 2327 nisi-—pecoati
1239 2282 1279 2317 in
1305 2293 1368 2327 my.
1401 2282 1433 2316 P
1582 2284 1603 2317 4
1631 2282 1786 2328 pondera
1815 2283 1846 2317 A

277 2344 313 2375 et
331 2351 393 2375 om.
414 2340 457 2374 M
563 2341 584 2376 8
603 2339 829 2375 similitudine
849 2340 891 2374 M
991 2340 1118 2386 agitur]
1138 2340 1245 2387 igitur
1263 2341 1306 2375 M
1406 2344 1442 2376 et
1463 2340 1550 2376 Vm]
1661 2341 1683 2376 9
1701 2351 1845 2376 euacue-

277 2403 336 2434 tur
367 2401 399 2434 A
506 2400 547 2435 10
579 2402 715 2435 recente
747 2399 790 2434 M
830 2404 835 2409 '
896 2403 1095 2434 assumatur
1125 2400 1158 2434 A
1262 2400 1385 2435 oberat
1415 2400 1459 2434 M
1562 2401 1600 2435 11
1634 2399 1772 2436 inerant
1803 2400 1847 2435 M

278 2460 320 2494 12
339 2458 494 2505 percepti
515 2459 548 2494 P
623 2461 664 2495 13
683 2450 754 2494 dfffi
774 2459 860 2494 Aml
920 2458 1033 2504 gratia
1052 2459 1095 2493 M
1165 2461 1205 2494 14
1224 2458 1297 2494 eius
1316 2470 1379 2494 om.
1401 2459 1435 2494 A
1486 2458 1632 2506 suscipit
1651 2459 1717 2494 KC
1733 2469 1847 2495 susce-

278 2518 369 2564 perit
394 2518 468 2553 de
534 2519 740 2565 reprobatus
762 2518 822 2554 2ὺά
884 2519 925 2555 15
948 2517 1197 2564 omnipotentis
1220 2517 1324 2553 simili
1348 2518 1380 2553 P
1440 2518 1484 2553 16
1505 2521 1547 2553 ut
1567 2518 1637 2565 lex]
1661 2519 1717 2554 uel
1738 2529 1783 2554 ex
1804 2518 1848 2553 M

280 2579 319 2613 17
331 2580 409 2613 ante
425 2588 502 2623 pen.
514 2578 591 2613 add.
604 2588 743 2624 prorsus
753 2578 794 2613 zd
918 2577 1044 2624 penitis
1059 2578 1091 2612 P
1223 2577 1469 2623 exstinguatur
1479 2577 1515 2612 K
1530 2577 1750 2624 estinguatur
1763 2577 1848 2614 Gml

279 2636 450 2683 quidquid
486 2637 734 2672 VmIKMde
920 2638 961 2673 18
991 2636 1085 2672 idem
1115 2648 1133 2672 ε
1323 2637 1367 2673 19
1397 2636 1578 2672 oboleatur
1610 2636 1698 2673 le
1731 2637 1847 2673 abole-

279 2699 337 2731 tur
357 2696 393 2731 K
423 2697 584 2732 ableatur
616 2696 660 2731 M
769 2697 812 2732 20
841 2696 917 2743 ipso
952 2696 984 2731 P
1013 2695 1042 2732 is
1075 2697 1107 2731 A
1215 2696 1328 2732 solute
1362 2695 1448 2732 le
1479 2696 1595 2731 soluta
1627 2696 1657 2730 (7
1786 2706 1848 2743 per

279 2755 374 2801 quod
396 2755 492 2791 illam
517 2756 550 2791 A
625 2766 687 2802 per
709 2767 773 2792 om.
799 2755 817 2791 b
895 2757 934 2791 21
958 2758 996 2791 et
1014 2766 1077 2791 om.
1100 2755 1144 2790 M
1228 2755 1401 2791 distructa
1419 2754 1653 2792 DrnISVmIG
1737 2765 1845 2801 quam

280 2815 427 2851 IAnISP
517 2816 560 2850 22
581 2815 766 2861 seperabat
786 2815 822 2850 K
912 2825 983 2862 quo
1003 2825 1066 2851 om.
1090 2814 1123 2850 A
1214 2815 1256 2851 26
1277 2813 1479 2862 praedicata
1503 2814 1534 2849 T
