2028 3204
138 922 179 952 10

136 1252 174 1282 15

130 1582 174 1611 20

128 1911 169 1941 25

126 2240 167 2270 30

791 192 879 230 liber
912 192 962 230 IV
993 194 1046 238 10,
1081 193 1216 232 27—28
1713 184 1792 227 557

210 319 521 363 neminemesse
549 319 636 362 sine
659 321 778 363 sorde
801 333 906 363 nec
941 321 1118 363 cuius
1154 321 1237 363 sit
1274 320 1409 363 uita
1443 321 1569 364 diei
1605 322 1789 365 unius

210 390 679 441 superterram,
710 386 796 429 siue
824 386 936 442 quod
964 386 1005 429 in
1034 386 1194 443 psalmo
1224 386 1388 443 legitur:
1419 387 1476 429 in
1504 387 1715 430 facino
1735 401 1791 430 re

210 457 556 507 conceptus
589 465 712 495 sum
744 457 802 495 et
834 452 892 495 in
923 453 1209 508 peccatis
1242 466 1321 495 me
1354 459 1547 496 mater
1579 467 1701 496 mea
1734 454 1788 496 in

209 531 236 560 ιι
253 522 347 560 ter
364 531 388 560 o
428 517 527 560 alu
546 517 605 560 it.
635 518 785 574 quibus
813 518 1063 561 testimoniis
1091 524 1260 574 propter
1287 533 1354 561 eos
1384 519 1511 562 etiam
1540 519 1610 575 qui
1638 519 1720 562 iam
1749 519 1790 562 in

208 587 348 626 aetate
367 583 522 626 maiore
533 589 631 626 sunt
642 584 789 635 sancti,
804 584 902 639 quia
920 598 995 627 nec
1014 584 1091 640 ipsi
1110 591 1209 627 sunt
1230 585 1315 627 sine
1332 586 1450 627 sorde
1464 591 1590 641 atque
1603 591 1788 641 peccato,

208 649 404 692 adiunxit
429 649 558 692 etiam
582 649 685 693 illud
711 650 940 693 beatissimi
968 650 1177 702 Iohannis,
1198 651 1310 706 quod
1336 651 1478 694 multis
1506 657 1547 694 et
1573 651 1662 694 aliis
1691 651 1788 694 loeis

207 728 328 770 saepe
355 721 669 759 commemorat:
700 716 748 758 si
775 715 1122 759 dixerimus
1150 716 1294 772 quia
1321 723 1645 772 peccatum
1675 731 1785 760 non

206 780 233 823 h
250 794 276 823 a
292 781 318 823 b
336 794 358 823 e
376 794 419 824 m
435 795 462 824 ιι
480 795 498 823 s
550 787 592 824 et
643 787 780 825 cetera
824 782 1007 825 eiusdem
1058 783 1306 834 sententiae,
1352 797 1458 838 quae
1503 783 1555 825 ab
1594 784 1787 826 omnibus

206 846 422 890 catholicis
458 860 540 889 non
584 851 780 890 tacentur
822 849 1017 891 aduersus
1064 848 1179 900 istos,
1225 848 1295 904 qui
1345 862 1386 891 se
1426 849 1534 904 ipsos
1567 849 1783 904 decipiunt

206 917 248 955 et
276 912 319 955 in
346 912 402 955 eis
432 913 583 956 ueritas
613 927 694 956 non
725 919 801 957 est.

364 980 429 1022 28.
456 979 622 1030 Dicant,
651 979 684 1022 si
708 980 878 1031 audent,
899 980 1109 1036 Pelagiani
1134 981 1245 1023 hunc
1266 980 1474 1023 hominem
1493 980 1559 1023 dei
1578 981 1786 1024 Maniche-

206 1057 324 1087 orum
345 1057 478 1087 errore
505 1058 757 1101 peruersum‚
778 1046 877 1101 quia
899 1046 958 1089 ita
982 1046 1128 1089 laudat
1151 1052 1330 1098 sanctOS,
1356 1052 1405 1089 ut
1437 1052 1576 1089 tamen
1603 1047 1787 1090 fateatur

203 1110 409 1153 neminem
439 1110 482 1153 in
510 1111 588 1154 hac
617 1112 708 1154 uita
734 1113 788 1155 ad
822 1117 986 1155 tantam
1014 1112 1310 1167 perfectionem
1340 1113 1553 1168 peruenire
1583 1113 1783 1164 iustitiae,

202 1180 251 1218 ut
284 1176 447 1220 nullum
480 1177 634 1221 habeat
667 1178 836 1221 omnino
871 1184 1104 1234 peccatum,
1159 1179 1411 1221 sententiam
1445 1193 1563 1221 suam
1598 1179 1786 1221 testimo-

203 1242 365 1285 niorum
389 1243 679 1287 canonicorum
706 1244 923 1300 perspicua
951 1244 1129 1287 ueritate
1158 1250 1200 1287 et
1227 1245 1372 1287 diuina
1397 1245 1648 1287 auctoritate
1690 1259 1784 1288 con-

203 1307 387 1352 firmans,
402 1310 607 1365 numquid
625 1310 734 1353 enim
752 1316 876 1366 negat
895 1311 951 1352 ‘in
968 1310 1176 1366 baptismo
1196 1311 1390 1353 uniuersa
1407 1317 1578 1366 peccata
1595 1311 1782 1362 din1itti·‚

203 1374 302 1429 quia
322 1374 481 1417 fatetur
501 1389 667 1418 manere
688 1375 956 1432 fragilitatem
978 1382 1105 1432 atque
1128 1376 1433 1427 infirmitatem,
1453 1377 1563 1419 unde
1586 1391 1660 1419 nos
1682 1377 1783 1420 dicit

201 1453 371 1495 peceare
392 1446 488 1496 post
510 1441 766 1497 baptismum
787 1446 830 1484 et
850 1456 981 1498 usque
1004 1443 1044 1484 in
1067 1442 1188 1485 huius
1210 1443 1323 1486 uitae
1346 1443 1474 1485 finem
1495 1457 1589 1485 cum
1611 1443 1783 1485 carnali-

201 1506 278 1548 bus
298 1506 411 1549 uitiis
430 1507 731 1551 indesinentem
750 1508 900 1551 habere
920 1508 1193 1551 conflictum?
1216 1514 1290 1551 aut
1310 1509 1401 1551 ideo
1422 1523 1504 1551 non
1523 1510 1781 1559 meminerat,

202 1571 304 1627 quid
324 1572 387 1615 ‘de
406 1572 662 1617 inmaculata
678 1572 862 1617 ecclesia‘
875 1574 1050 1617 dixisset
1067 1575 1294 1629 apostolus,
1309 1575 1408 1630 quia
1425 1575 1635 1631 praecepit
1654 1575 1779 1617 nemi-

199 1650 294 1680 nem
320 1638 378 1680 sic
404 1639 482 1681 sibi
508 1639 557 1681 de
583 1653 686 1695 puro
712 1645 839 1695 atque
866 1641 1120 1683 inmaculato
1147 1645 1313 1696 pectore
1341 1641 1488 1684 debere
1516 1641 1707 1687 blandiri.
1735 1647 1780 1683 ut

199 1703 440 1748 innocentia
466 1718 542 1747 sua
568 1705 699 1748 fretus
727 1706 975 1749 medicinam
1003 1720 1085 1749 non
1113 1713 1235 1761 putet
1265 1707 1546 1749 adhibendam
1575 1721 1661 1749 esse
1691 1707 1780 1749 uul-

197 1769 394 1813 neribus?
421 1776 524 1827 puto
551 1772 662 1827 quod
688 1773 917 1815 concedant
944 1772 1042 1815 noui
1067 1773 1238 1815 heretici
1263 1773 1358 1815 huic
1385 1773 1541 1815 homini
1574 1773 1779 1815 catholico

198 1834 299 1878 scire
329 1834 536 1892 ‘spiritum
565 1842 757 1880 sanctum
787 1844 947 1881 mentes
978 1839 1106 1881 bonas
1138 1838 1266 1881 etiam
1296 1838 1479 1894 antiquis
1520 1839 1779 1894 temporibus

199 1901 435 1954 adiuuisse‘,
461 1903 588 1946 immo
613 1903 741 1946 etiam
765 1904 876 1959 quod
900 1904 978 1959 ipsi
1002 1905 1152 1946 nolunt
1176 1918 1250 1947 nec
1274 1911 1432 1947 mentes
1457 1905 1585 1947 bonas
1609 1918 1677 1946 eos
1702 1904 1779 1947 nisi

197 1980 270 2022 per
290 1967 481 2023 spiritum
503 1973 693 2012 sanctum
715 1970 866 2012 habere
888 1970 1084 2024 potuisse.
1109 1975 1212 2026 puto
1236 1970 1346 2025 quod
1371 1970 1525 2013 ‘omnes
1556 1971 1778 2026 prophetas

196 2037 240 2076 et
261 2034 471 2089 apostolos
495 2034 561 2077 uel
580 2035 789 2090 quoslibet
812 2040 991 2086 sanctos,
1017 2035 1087 2091 qui
1111 2035 1279 2078 domino
1303 2049 1566 2092 quocumque
1590 2042 1777 2091 tempore

196 2098 455 2154 placuerunt,
480 2113 563 2143 non
587 2100 626 2142 in
652 2101 944 2156 conparatione
968 2100 1290 2152 sceleratorum‘,
1319 2102 1426 2144 sicut
1450 2115 1525 2145 nos
1549 2101 1618 2144 isti
1642 2102 1776 2144 dicere

195 2164 516 2211 calumniantur.
541 2166 626 2209 ‘sed
645 2166 785 2222 regula
797 2166 1031 2211 uirtutum‘.
1046 2167 1150 2210 sicut
1164 2181 1205 2210 se
1219 2167 1351 2210 dicere
1372 2167 1615 2224 gloriantur,
1630 2167 1774 2210 ‘iustos

195 2230 332 2273 fuisse‘
365 2237 538 2274 nouerat
572 2232 817 2288 Cyprianus,
841 2232 912 2288 qui
943 2238 1084 2276 tamen
1119 2233 1237 2276 dicit:
1272 2247 1297 2275 n
1316 2248 1436 2276 emo
1475 2248 1495 2275 e
1514 2250 1530 2275 s
1550 2247 1606 2276 se
1645 2234 1775 2275 sine

297 2367 314 2402 1
335 2366 398 2402 Iob
410 2369 464 2410 14,
474 2369 504 2404 4.
517 2368 538 2403 5
615 2367 635 2402 2
647 2369 701 2404 Ps.
715 2369 771 2410 50,
783 2372 801 2406 7
874 2369 1009 2406 711011.
1026 2371 1053 2412 1,
1068 2372 1089 2405 8
1175 2369 1216 2404 20
1235 2369 1427 2416 cf.Ep11.5‚
1440 2369 1482 2407 27
1499 2372 1534 2404 et
1553 2370 1719 2416 1)ag.540‚
1733 2370 1773 2404 16

194 2426 236 2462 24
251 2426 295 2462 cf.
315 2437 395 2474 pag·
411 2427 490 2470 522,
507 2427 537 2463 9.
555 2427 631 2471 541,
649 2427 670 2463 9
777 2428 820 2464 26
836 2426 879 2463 cf.
900 2440 978 2476 pag.
996 2428 1074 2471 522,
1094 2430 1146 2464 11.
1165 2430 1241 2471 541,
1260 2431 1297 2464 11
1411 2430 1454 2465 30
1471 2429 1515 2466 cf.
1532 2440 1615 2477 pag.
1634 2430 1710 2470 554,
1730 2430 1772 2464 22

296 2516 312 2550 1
332 2515 436 2552 unius
452 2514 565 2552 dieiV
626 2517 648 2553 3
663 2519 779 2554 mater
795 2527 873 2554 mea
890 2528 946 2554 me
959 2518 1019 2554 BC
1072 2528 1127 2554 me
1143 2518 1294 2555 om.01'b
1347 2529 1424 2554 mea
1442 2516 1585 2555 s.l.0m2
1645 2520 1666 2554 4
1682 2517 1770 2553 aluit

179 2574 279 2610 meO
303 2576 374 2622 (me
391 2586 417 2610 ε.
429 2574 451 2609 l.
463 2576 536 2621 m2)
560 2587 616 2613 me
640 2575 731 2613 aluit
752 2577 874 2614 OmlD
973 2579 994 2613 5
1020 2586 1158 2614 mosore
1176 2577 1207 2613 Γ
1234 2577 1386 2615 maiores
1406 2577 1491 2614 Oml
1520 2577 1646 2614 maiori
1669 2577 1773 2613 Ede

193 2637 213 2672 7
237 2634 323 2680 quia
339 2635 437 2671 oms}
527 2636 548 2671 8
573 2635 751 2682 omnibus]
767 2637 970 2673 hominibus
983 2637 1048 2673 OB
1128 2638 1150 2673 9
1174 2637 1365 2675 aduersum
1378 2637 1478 2675 OBV
1562 2639 1602 2673 14
1619 2636 1675 2683 ut]
1691 2640 1727 2673 et
1745 2637 1773 2673 C

192 2694 236 2730 18
260 2703 405 2740 peccare
432 2706 458 2730 ε.
471 2694 589 2733 l.m20
645 2697 688 2733 19
702 2695 943 2733 indesinenter
953 2697 1006 2733 Db
1051 2697 1327 2734 nomemirera-t
1338 2697 1369 2732 V
1382 2699 1432 2743 (re
1448 2708 1473 2732 s.
1488 2688 1529 2742 l.)
1584 2698 1627 2733 20
1642 2697 1772 2733 ecclaO

191 2753 228 2799 (a
243 2753 320 2790 aad.
331 2754 405 2801 m2)
488 2755 697 2802 hapostolus
706 2755 737 2791 V
831 2756 1046 2804 praecipitV
1140 2757 1183 2793 23
1199 2756 1280 2793 uhic
1291 2756 1322 2791 Γ
1342 2756 1425 2792 hinc
1437 2758 1467 2794 0
1543 2756 1586 2792 25
1602 2756 1743 2793 nonnisi
1754 2757 1773 2792 b

191 2812 236 2849 27
251 2812 308 2850 uel
322 2813 502 2860 quoslibet
517 2817 660 2852 sanctos
675 2815 775 2852 om.V
836 2816 998 2863 quolibet
1011 2815 1097 2853 Oml
1160 2817 1205 2854 28
1221 2816 1270 2851 im
1281 2817 1310 2852 C
