2002 3256
203 291 307 334 XIV
832 302 1137 338 Praefatio.

200 429 283 458 non
299 414 456 470 aliquid
472 415 604 457 bonae
620 414 746 470 frugis
763 414 930 469 plenum
945 415 998 456 ad
1013 413 1326 469 perpoliendum
1340 414 1524 456 codicem
1538 413 1771 457 attulerunt

201 481 441 535 corrigendo
467 493 514 522 ea
539 493 646 535 quae
670 494 694 522 a
717 480 884 522 librario
910 480 1106 522 mendose
1130 484 1248 522 erant
1274 484 1456 522 exarata.
1499 484 1682 521 ceterum
1706 479 1772 521 hic

201 547 333 589 codex
355 545 455 588 locis
478 546 569 597 387,
596 547 633 588 4.
662 547 723 588 11.
749 546 840 596 392,
867 545 916 587 25
942 558 1060 587 suam
1086 545 1319 587 bonitatem
1344 545 1551 599 probauit.
1593 543 1770 587 contulit

202 611 329 654 Vrba.

128 676 153 717 I
306 677 448 719 Codex
482 675 854 718 Treuericus
890 676 967 718 160
1000 676 1172 718 membr.
1208 675 1321 717 misc.
1359 675 1443 717 foll.
1480 676 1527 718 91
1565 688 1670 718 saec.
1708 674 1771 716 IX

201 742 459 797 conscriptus
482 741 567 784 soll.
594 736 769 784 1²¹—33b
794 742 898 784 duos
920 740 1046 783 libros
1070 741 1124 783 ad
1148 741 1196 783 V.
1223 741 1433 782 Victorem
1457 741 1638 783 exhibet.
1678 739 1771 783 libri

199 808 253 850 ab
290 821 372 850 uno
408 807 577 850 librario
615 806 836 862 diligenter
872 806 1069 861 descripti
1105 810 1215 848 sunt.
1263 806 1374 849 idem
1411 819 1513 861 opus
1550 805 1693 860 relegit
1731 810 1771 847 et

199 873 446 915 retractauit
475 877 516 914 et
545 872 698 915 multos
726 871 836 914 locos
865 885 967 927 quos
995 871 1146 915 uitiose
1172 871 1489 926 transcripserat
1518 871 1770 921 emendauit,

200 952 296 980 cum
330 952 414 980 non
451 938 585 981 solum
618 938 780 980 litteras
815 937 1098 979 redundantes
1134 936 1304 987 deleuit,
1341 936 1512 979 omissas
1549 936 1770 991 suppleuit,

200 1004 396 1046 mendose
429 1004 604 1058 scriptas
636 1003 763 1046 litura
795 1002 974 1045 correxit
1006 1003 1078 1045 sed
1111 1002 1238 1044 etiam
1271 1002 1441 1044 omissas
1467 1014 1586 1044 uoces
1611 1006 1652 1043 et
1681 1015 1771 1044 sen-

199 1069 354 1112 tentias
379 1066 468 1112 1000
497 1069 638 1112 debito
666 1068 953 1124 superscripsit
979 1072 1053 1111 aut
1076 1068 1119 1110 in
1145 1067 1328 1123 margine
1353 1067 1562 1122 apposuit.
1602 1066 1770 1110 alterius

201 1135 440 1177 correctoris
468 1147 596 1176 manu
624 1133 784 1189 aliquot
811 1133 985 1176 lacunae
1013 1133 1202 1188 expletae
1230 1137 1340 1175 sunt.
1386 1133 1548 1187 saepius
1577 1137 1770 1175 accentus

201 1200 369 1255 syllabis
394 1200 661 1255 superscripti
686 1199 1071 1254 deprehenduntur:
1097 1197 1278 1240 misceres
1302 1197 1447 1252 uaqine
1471 1197 1524 1240 al.
1551 1198 1616 1240 hic
1641 1198 1771 1240 codex

201 1269 359 1320 quanto
388 1265 651 1308 Treuericum
683 1265 758 1307 149
787 1268 1000 1308 uetustate
1029 1268 1198 1319 superat
1225 1268 1347 1306 tanto
1377 1263 1565 1306 bonitate
1593 1263 1630 1305 ei
1658 1268 1770 1318 pest-

200 1331 416 1373 habendus
446 1335 521 1372 est.
1752 1370 1755 1373 ,

134 1395 170 1437 Τ
305 1396 447 1439 Codex
476 1397 508 1437 T
526 1409 545 1437 r
562 1409 582 1437 e
601 1408 622 1437 0
639 1409 703 1437 en
722 1395 804 1437 sis
836 1395 938 1438 1085
968 1394 1141 1437 membr.
1173 1394 1287 1436 misc.
1319 1407 1423 1436 saec.
1452 1393 1521 1446 ,XI
1549 1393 1673 1436 libros
1706 1393 1771 1435 ΠΙ

201 1466 242 1504 et
269 1462 326 1503 IV
352 1461 528 1504 offerens
555 1474 811 1516 quamquam
836 1460 998 1515 saepius
1024 1473 1119 1502 cum
1143 1459 1354 1502 codicibus
1380 1459 1651 1501 deterioribus
1678 1472 1770 1500 con-

201 1527 316 1570 uenit
334 1531 476 1569 tamen
501 1526 720 1581 aliquoties
741 1531 815 1568 aut
837 1525 946 1568 solus
969 1530 1043 1567 aut
1069 1525 1236 1579 optimis
1257 1523 1585 1580 suffragantibus
1605 1524 1770 1566 natiuas
1832 1554 1835 1556 -

199 1592 395 1635 lectiones
416 1592 680 1634 conseruauit
701 1596 773 1634 aut
794 1591 899 1634 tales
920 1603 1026 1646 quae
1046 1603 1143 1633 uero
1164 1590 1350 1645 proxime
1370 1590 1584 1640 accedant,
1606 1589 1657 1631 cf.
1679 1590 1768 1639 362,

201 1659 262 1700 23.
293 1659 384 1709 387,
416 1659 477 1700 11.
509 1658 600 1708 388,
631 1658 693 1699 23.
740 1656 918 1699 contulit-
947 1656 1098 1711 Zycha.

127 1721 180 1763 M
309 1723 450 1765 Codex
476 1722 519 1764 M
536 1736 559 1765 0
577 1737 603 1764 n
621 1736 646 1764 a
663 1735 683 1764 c
701 1735 721 1763 e
739 1736 765 1764 n
783 1736 800 1763 s
817 1722 830 1763 i
848 1735 865 1763 s
895 1721 1023 1764 15826
1050 1720 1098 1776 (S
1115 1734 1140 1763 a
1154 1720 1181 1762 1.
1211 1733 1233 1762 0
1249 1734 1274 1763 a
1290 1734 1330 1775 p.
1359 1721 1428 1774 26)
1455 1719 1626 1762 membr.
1656 1719 1768 1761 misc.

199 1789 242 1831 in
267 1788 322 1839 2⁰,
348 1788 433 1831 foll.
462 1789 539 1830 100
564 1801 667 1829 saec.
697 1787 761 1828 IX
784 1787 827 1828 in
854 1786 1042 1842 catalogo
1068 1786 1246 1841 scriptus
1271 1799 1358 1828 esse
1383 1785 1549 1828 dicitur.
1590 1784 1693 1827 liber
1717 1785 1770 1827 ad

202 1853 413 1896 Renatum
428 1853 514 1903 foll,
526 1854 578 1896 83
587 1848 731 1895 b—91b
748 1855 898 1895 exstat.
912 1853 1045 1895 codex
1054 1865 1104 1893 ex
1119 1852 1344 1906 archetypo
1357 1850 1470 1906 quod
1483 1851 1538 1893 ad
1551 1849 1771 1906 legendum

200 1918 370 1962 difficile
397 1919 522 1962 fuisse
551 1919 718 1961 uidetur
745 1918 798 1960 ab
827 1931 909 1960 uno
937 1917 1104 1960 librario
1131 1916 1281 1958 litteris
1325 1916 1604 1958 characterem
1631 1914 1770 1970 lango-

200 1985 416 2027 bardicum
440 1984 703 2026 imitantibus
729 1983 960 2038 descriptus
985 1986 1060 2024 est.
1103 1986 1356 2024 correcturas
1381 1993 1529 2023 manus
1554 1980 1770 2023 scribentis

201 2055 395 2105 expertus
419 2054 495 2091 est.
534 2049 667 2092 codici
697 2049 741 2090 in
773 2049 1014 2091 uniuersum
1039 2048 1170 2090 maior
1193 2046 1421 2089 auctoritas
1445 2044 1668 2089 tribuenda
1693 2051 1768 2087 est.

201 2115 380 2158 contulit
408 2115 442 2157 V
446 2115 533 2157 rba.

307 2180 460 2222 Omnes
484 2180 644 2222 codices
667 2179 817 2234 quibus
839 2179 882 2220 in
904 2182 1026 2221 textu
1048 2176 1340 2220 constituendo
1363 2176 1427 2219 usi
1450 2189 1591 2219 sumus
1614 2188 1665 2217 ex
1688 2188 1769 2218 uno

214 2245 354 2301 aliquo
388 2246 616 2301 archetypo
648 2244 846 2300 originem
877 2245 1040 2286 trahere
1070 2256 1165 2285 cum
1194 2242 1415 2285 uerborum
1445 2253 1645 2284 consensu
1680 2246 1769 2283 tum

200 2324 384 2353 errorum
417 2310 706 2353 communione
740 2309 1025 2352 confirmatur.
1075 2308 1294 2351 discedunt
1328 2312 1483 2358 autem,
1518 2306 1553 2348 si
1584 2311 1770 2348 tantum-

200 2376 324 2419 modo
358 2389 426 2418 eos
458 2375 652 2431 respicias
685 2375 757 2430 qui
789 2378 990 2430 quattuor
1020 2373 1146 2417 libros
1179 2372 1362 2416 offerunt
1394 2372 1438 2414 in
1470 2371 1574 2414 duas
1606 2370 1769 2421 classes,

201 2454 379 2496 quarum
400 2454 528 2483 unam
551 2441 628 2482 DE
648 2440 851 2491 efficiunt,
875 2439 928 2482 cf.
949 2439 1042 2490 304,
1063 2439 1102 2481 5.
1123 2439 1161 2481 6.
1184 2439 1221 2480 8.
1246 2439 1308 2480 11.
1330 2436 1422 2488 305,
1444 2438 1481 2479 4.
1506 2437 1569 2479 13.
1591 2437 1682 2486 306,
1706 2436 1769 2479 19.

200 2508 292 2558 307,
311 2507 375 2549 22.
396 2507 459 2549 26.
479 2507 571 2557 308,
590 2507 627 2549 3.
648 2506 742 2557 310,
759 2506 822 2548 24.
842 2505 934 2556 328,
953 2504 1018 2547 20.
1037 2504 1129 2555 330,
1149 2503 1212 2546 19.
1231 2503 1323 2553 346,
1344 2502 1406 2545 19.
1426 2501 1518 2552 348,
1537 2502 1600 2544 26.
1620 2501 1711 2551 349,
1730 2501 1767 2542 8.

200 2572 238 2614 9.
259 2572 351 2623 354,
371 2572 410 2614 5.
430 2572 522 2623 369,
543 2572 580 2614 2.
601 2571 692 2622 370,
716 2571 777 2613 18.
798 2571 890 2621 387,
910 2571 947 2613 4.
971 2571 1032 2613 11.
1053 2569 1145 2620 390,
1166 2568 1229 2611 25.
1251 2568 1342 2619 393,
1364 2568 1401 2609 1.
1421 2566 1512 2618 395,
1533 2567 1570 2609 9.
1591 2566 1683 2616 396,
1704 2566 1767 2608 26.

200 2637 291 2688 401,
321 2638 370 2679 13
396 2636 448 2679 al.
489 2636 533 2678 in
558 2636 663 2679 libro
690 2636 823 2691 primo
850 2635 901 2677 M
927 2635 984 2677 eis
1010 2632 1257 2689 adstipulari
1284 2632 1401 2675 solet.
1443 2631 1564 2674 alteri
1590 2630 1771 2674 familiae

200 2701 506 2744 adnumerandi
523 2706 621 2744 sunt
639 2700 768 2752 ABG,
788 2700 839 2743 cf.
859 2701 950 2752 360,
971 2700 1034 2743 10.
1052 2700 1144 2750 370,
1164 2698 1215 2741 18
1232 2702 1274 2740 et
1291 2697 1401 2740 locos
1419 2697 1474 2740 ad
1491 2695 1571 2738 DE
1586 2700 1767 2739 notatos.

202 2766 268 2809 hic
298 2765 384 2808 illic
416 2771 458 2808 et
492 2766 642 2821 probas
675 2766 872 2808 lectiones
906 2770 948 2807 et
982 2762 1236 2820 corruptelas
1270 2775 1322 2804 ex
1354 2761 1486 2805 altera
1517 2761 1560 2804 in
1595 2759 1770 2804 alteram

202 2831 403 2874 familiam
420 2830 583 2874 inruere
602 2845 684 2873 non
704 2831 856 2874 mirum
876 2835 952 2882 est,
973 2829 1025 2873 cf.
1045 2830 1136 2881 371,
1156 2829 1194 2871 5.
1215 2827 1279 2871 25.
1300 2827 1391 2878 381,
1411 2827 1473 2869 16.
1507 2826 1551 2868 in
1570 2825 1684 2869 libris
1703 2824 1769 2867 III

202 2901 244 2939 ct
274 2896 331 2939 IV
361 2896 572 2939 codicibus
603 2895 676 2938 BC
703 2908 825 2951 saepe
853 2895 878 2938 I
885 2895 920 2938 T
947 2894 1243 2951 suffragantur.
