2028 3204
342 214 419 255 502
718 222 756 255 V.
793 223 921 257 Contra
952 220 1040 256 duas
1071 220 1240 266 epistulas
1270 220 1539 267 Pelagianorum

340 350 524 391 dicamus
553 353 715 391 sanctos
744 347 926 402 aliquam
955 346 1182 389 exercuisse
1213 346 1437 389 uirtutem‘.
1467 346 1592 399 absit,
1619 352 1669 390 ut
1694 348 1775 391 ista
1801 349 1911 393 dica-

341 429 444 463 mus,
478 414 547 455 sed
576 418 650 455 aut
676 426 757 454 non
785 412 926 454 ualent
958 412 1190 467 intellegere
1212 416 1287 454 aut
1305 412 1455 454 nolunt
1474 412 1690 455 aduertere
1707 419 1783 457 aut
1798 415 1910 458 calu-

340 479 521 521 mniandi
549 478 684 520 studio
714 477 976 519 dissimulant
994 490 1035 519 se
1055 477 1156 519 scire
1174 477 1286 532 quod
1302 477 1488 520 dicimus.
1519 478 1694 521 audiant
1722 492 1816 536 ergo
1844 480 1910 523 uel

341 545 414 599 ipsi
434 544 498 586 uel
516 543 653 598 potius
666 543 706 584 hi
721 556 822 598 quos
842 542 990 584 idiotas
1010 546 1052 584 et
1071 542 1297 585 ineruditos
1315 542 1502 599 decipere
1512 543 1752 587 moliuntur.
1767 551 1910 588 nostra

339 610 454 660 fide&
475 610 552 651 hoc
573 613 636 650 est
656 608 859 650 catholica
878 607 996 658 fides,
1015 607 1144 650 iustos
1165 608 1218 650 ab
1239 607 1402 651 iniustis
1422 621 1504 651 non
1525 622 1707 665 operum,
1729 611 1800 653 sed
1820 610 1910 667 ipsa
1935 623 1954 652 5

337 675 434 716 fidei
457 675 542 729 lege
564 673 771 724 discernit,
791 673 888 729 quia
909 673 1040 715 iustus
1063 686 1113 715 ex
1134 673 1217 715 fide
1239 673 1357 716 uiuit.
1381 687 1454 729 per
1475 687 1600 730 quam
1621 675 1908 718 discretionem

338 740 400 790 fit,
422 746 469 782 ut
488 740 610 782 homo
631 739 783 781 ducens
803 738 935 781 uitam
955 738 1041 780 sine
1060 738 1295 790 homicidio,
1315 739 1400 781 sine
1419 739 1545 791 furto,
1567 740 1652 782 sine
1670 740 1773 783 falso
1792 741 1909 784 testi-

337 805 486 856 monio,
506 805 591 847 sine
613 804 804 859 appetitu
826 803 883 845 rei
903 804 1026 846 ullius
1047 804 1217 855 alienae,
1239 805 1482 860 parentibus
1502 806 1699 848 honorem
1720 806 1906 849 debitum

337 871 523 921 reddens,
549 876 686 912 castus
711 883 839 925 usque
864 869 917 911 ad
942 869 1242 912 continentiam
1267 870 1320 912 ab
1345 870 1455 913 omni
1480 871 1645 913 omnino
1669 873 1905 923 concubitu,

336 936 461 978 etiam
491 935 707 991 coniugali,
737 935 1064 990 elemosynarum
1092 935 1358 991 largissimus,
1387 936 1627 979 iniuriarum
1655 937 1906 992 patientissi·
1937 949 1977 979 10

335 1015 439 1051 mus,
486 1001 554 1056 qui
592 1015 673 1043 non
712 1001 845 1043 solum
881 1014 964 1043 non
1002 1000 1164 1043 auferat
1207 1001 1352 1053 aliena,
1398 1002 1468 1043 sed
1510 1015 1584 1045 nec
1620 1015 1697 1045 sua
1718 1008 1905 1058 reposcat

335 1067 478 1108 ablata
544 1067 606 1108 uel
684 1065 811 1108 etiam
880 1066 1061 1108 uenditis
1149 1067 1340 1109 omnibus
1409 1067 1490 1110 suis
1553 1068 1812 1124 erogatisque
1864 1069 1904 1110 in

335 1146 533 1187 pauperes
563 1132 666 1174 nihil
696 1145 816 1174 suum
843 1132 1137 1188 propriumque
1162 1132 1386 1187 possideat,
1418 1146 1510 1175 cum
1542 1133 1623 1175 suis
1655 1138 1794 1176 tamen
1816 1134 1904 1176 istis

334 1198 447 1239 uelut
464 1197 741 1239 laudabilibus
762 1197 962 1249 moribus,
966 1197 1015 1250 ‚si
1036 1210 1119 1239 non
1140 1197 1181 1239 in
1202 1198 1325 1240 deum
1346 1198 1473 1240 fidem
1495 1203 1648 1241 rectam
1672 1203 1715 1241 et
1736 1200 1905 1241 catholi-

334 1277 422 1305 cam
441 1268 595 1314 teneat,
614 1263 663 1305 de
683 1263 760 1306 hac
776 1262 868 1305 uita
882 1263 1143 1305 damnandus
1161 1263 1370 1305 abscedat.
1399 1263 1501 1306 alius
1519 1269 1659 1307 autem
1676 1290 1729 1294 —
1751 1265 1905 1307 habens
1937 1276 1976 1306 15

334 1329 498 1383 quidem
519 1342 641 1383 opera
661 1329 771 1370 bona
791 1342 840 1370 ex
859 1328 943 1370 fide
961 1333 1087 1380 recta,
1108 1342 1213 1384 quae
1230 1342 1303 1384 per
1321 1329 1581 1371 dilectionem
1600 1334 1804 1385 operatur,
1822 1343 1903 1373 non

331 1401 470 1435 tamen
491 1393 550 1435 ita
569 1398 615 1435 ut
635 1393 699 1435 ille
719 1394 822 1435 bene
841 1398 1026 1436 moratus
1046 1393 1391 1436 incontinentiam
1413 1407 1528 1436 suam
1555 1399 1762 1437 sustentat
1780 1395 1902 1437 hone-

333 1465 439 1501 state
466 1459 721 1514 nuptiarum,
750 1459 926 1514 coniugii
953 1459 1114 1502 carnale
1141 1459 1328 1502 debitum
1354 1463 1397 1501 et
1422 1459 1557 1502 reddit
1583 1464 1626 1502 et
1652 1459 1802 1515 repetit
1827 1474 1901 1503 nec

332 1526 418 1566 sola
438 1525 743 1580 propagationis
766 1538 903 1576 causa,
924 1538 1069 1567 uerum
1095 1525 1222 1567 etiam
1242 1525 1472 1580 uoluptatis
1493 1525 1680 1580 quamuis
1701 1539 1797 1568 cum
1815 1526 1903 1568 sola

330 1604 455 1632 uxore
472 1590 720 1641 concumbit,
738 1591 848 1645 quod
865 1590 1093 1646 coniugatis
1110 1591 1333 1633 secundum
1351 1590 1515 1633 ueniam
1536 1590 1724 1633 concedit
1737 1596 1901 1646 aposto·
1929 1603 1973 1633 20

331 1656 406 1706 lus,
438 1656 604 1697 iniurias
638 1669 720 1697 non
754 1661 841 1698 tam
874 1656 1083 1711 patienter
1115 1656 1279 1711 accipit,
1316 1657 1386 1698 sed
1418 1655 1640 1698 ulciscendi
1673 1656 1901 1712 cupiditate

331 1722 460 1763 fertur
485 1721 627 1771 iratus,
657 1721 860 1776 quamuis,
887 1726 937 1763 ut
963 1721 1093 1777 possit
1120 1721 1271 1764 dicere:
1302 1735 1319 1763 s
1337 1721 1349 1763 i
1367 1736 1388 1764 c
1405 1726 1467 1764 ut
1493 1735 1514 1763 e
1531 1726 1550 1764 t
1575 1735 1603 1763 n
1621 1735 1644 1764 o
1661 1735 1678 1764 s
1705 1722 1732 1764 d
1749 1721 1761 1763 i
1779 1722 1849 1764 mi
1866 1726 1901 1763 t-

331 1787 514 1828 timus
550 1786 953 1829 debitoribus
988 1786 1240 1838 nostris,
1276 1792 1443 1843 rogatus
1484 1787 1682 1842 ignoscat,
1718 1787 1902 1843 possidet

330 1865 413 1893 rem
438 1852 696 1903 familiarem,
721 1852 874 1894 faciens
899 1852 994 1894 inde
1022 1852 1189 1908 quidem
1213 1852 1480 1908 elemosynas,
1506 1865 1586 1894 non
1610 1857 1751 1894 tamen
1775 1866 1901 1908 quam

328 1918 393 1959 ille
416 1923 503 1959 tam
526 1918 675 1973 largus,
695 1931 777 1960 non
800 1917 938 1960 aufert
960 1917 1105 1969 aliena,
1130 1917 1200 1960 sed
1223 1917 1412 1973 quamuis
1435 1918 1709 1960 ecclesiastico
1732 1918 1897 1969 iudicio,
1925 1930 1970 1959 25

327 1997 407 2024 non
426 1983 576 2025 forensi
592 1988 733 2025 tamen
751 1983 900 2039 repetit
917 1997 992 2026 sua
1006 2009 1059 2014 —
1081 1996 1229 2039 nempe
1251 1983 1328 2026 iste
1353 1983 1423 2038 qui
1447 1983 1627 2026 moribus
1645 1983 1713 2026 illo
1735 1983 1901 2026 uidetur

429 2137 449 2171 6
466 2137 508 2172 cf.
529 2138 631 2173 Rom.
652 2139 681 2179 1,
701 2139 751 2172 17.
771 2138 863 2173 Hab.
883 2138 915 2179 2,
932 2139 962 2173 4.
984 2137 1061 2173 Gal.
1079 2138 1111 2179 3,
1130 2138 1169 2172 11
1264 2138 1283 2172 7
1301 2137 1343 2172 cf.
1362 2137 1492 2173 Matth.
1511 2137 1565 2179 19,
1584 2137 1712 2173 18-21
1791 2137 1832 2172 16
1847 2137 1890 2173 cf.

330 2196 406 2231 Gal.
425 2198 457 2237 5,
474 2197 494 2230 6
558 2198 609 2233 18.
630 2198 671 2232 2Ο
689 2197 731 2231 οἱ.
752 2197 767 2232 I
785 2198 860 2233 Cor.
880 2199 911 2238 7,
927 2197 958 2232 3.
978 2197 999 2231 6
1075 2197 1117 2232 22
1133 2196 1264 2233 Matth.
1283 2197 1316 2238 6,
1334 2197 1376 2231 12

193 2292 256 2335 del.
274 2291 304 2326 B
419 2293 433 2325 1
455 2291 592 2336 aliquos
608 2282 662 2326 ses
674 2292 691 2325 b
783 2291 979 2327 exercuisse
993 2291 1022 2326 Ο
1033 2294 1065 2338 (c
1082 2303 1107 2327 s.
1127 2303 1210 2328 eras.
1227 2291 1311 2337 liet.)
1402 2292 1422 2327 2
1439 2295 1602 2327 auertere
1617 2291 1649 2326 V
1726 2292 1748 2327 3
1763 2291 1898 2327 nescire

325 2349 402 2394 F(n
418 2350 486 2396 s.l.)
545 2353 565 2386 4
582 2351 737 2386 hidiotas
750 2352 778 2386 C
840 2353 858 2387 7
875 2351 1045 2387 docensV
1107 2352 1128 2386 8
1140 2351 1323 2397 appetitur
1338 2351 1370 2386 ei
1381 2351 1412 2386 V
1470 2351 1491 2386 9
1505 2349 1712 2402 redden-so
1772 2361 1898 2387 concu-

326 2410 404 2455 pitu
414 2409 498 2445 Oml
561 2412 602 2446 10
620 2410 890 2446 elemosinaium
899 2411 928 2445 0
943 2410 1238 2447 helemosinarum
1251 2411 1313 2446 ΟΒ
1375 2409 1589 2456 largissimos
1598 2409 1630 2444 V
1684 2409 1896 2446 iniuriarum

325 2473 399 2514 pat.
417 2469 516 2505 om.V
579 2471 617 2505 11
637 2475 821 2515 reposaesat
834 2470 862 2504 Ο
874 2471 928 2514 (at
943 2470 1019 2504 add.
1032 2470 1102 2516 m2)
1173 2471 1215 2506 13
1231 2480 1357 2517 paures
1371 2469 1400 2504 Ο
1461 2469 1640 2515 proprium
1650 2468 1703 2504 Db
1764 2469 1805 2505 14
1819 2469 1895 2505 si—

325 2529 538 2565 catholicam
555 2530 593 2565 in
608 2541 670 2575 my.
683 2528 712 2563 0
767 2530 808 2564 15
826 2529 992 2565 abscedet
1004 2529 1033 2563 O
1078 2530 1212 2566 habens
1227 2530 1328 2565 0m.D
1374 2529 1416 2563 16
1433 2528 1577 2574 quidem
1592 2528 1690 2564 om.G
1733 2527 1892 2575 que0m1

325 2599 386 2633 per
401 2587 542 2624 s.l.0m2
605 2590 645 2624 17
663 2589 731 2633 ista
744 2588 776 2622 D
838 2589 926 2623 bene
943 2589 1115 2636 moratus]
1131 2588 1328 2626 mortuusO
1341 2591 1502 2625 moratus
1512 2588 1575 2624 CD
1588 2587 1822 2634 morigeratus
1831 2586 1897 2623 EF

324 2648 567 2685 honestate-V
645 2649 686 2684 18
703 2647 842 2693 coniugi
853 2647 978 2684 CEFV
1054 2649 1206 2684 carnalis
1216 2648 1259 2684 bd
1338 2646 1531 2694 reppetitO
1591 2647 1635 2684 19
1648 2646 1852 2694 propaginis
1861 2643 1894 2682 D

324 2707 525 2744 uoluntatis
535 2707 565 2742 V
659 2707 699 2742 21
718 2711 838 2744 tamen
855 2718 924 2742 non
935 2707 953 2741 b
1045 2708 1182 2753 accepit
1192 2707 1223 2743 V
1295 2708 1338 2744 24
1352 2706 1604 2754 elymosinaso
1618 2706 1853 2742 helemosinas
1864 2705 1895 2742 0

324 2767 532 2804 elemosinas
543 2767 575 2802 D
625 2771 701 2804 tam
717 2767 833 2813 largas
848 2777 956 2812 quam
973 2766 1031 2801 ille
1042 2766 1095 2801 Db
1158 2766 1266 2813 quaO
1327 2767 1370 2803 25
1384 2766 1500 2813 largas
1530 2765 1670 2802 DEFM
1730 2764 1815 2814 non]
1830 2764 1894 2811 qui
1968 2794 1970 2796 ,

324 2838 392 2862 non
403 2826 467 2862 EF
524 2826 654 2863 auferri
665 2826 696 2862 V
715 2826 833 2863 autret
843 2826 872 2862 0
886 2826 1027 2862 auferat
1037 2825 1090 2860 Db

1985 2578 1992 2605 ἶ

1981 2611 1993 2633 a
