2028 3204
240 141 324 184 362
683 154 742 189 IV.
774 153 828 189 De
855 156 985 190 natura
1015 157 1051 190 et
1081 153 1211 201 origine
1239 153 1376 189 animae

239 280 421 329 Petrum,
443 281 494 322 ad
515 293 637 334 quem
657 286 703 321 tu
723 280 865 322 eadem
885 280 986 334 ipsa,
1006 280 1057 322 de
1076 279 1225 335 quibus
1244 279 1417 334 agimus,
1436 279 1653 322 scribenda
1670 279 1809 322 existi·

238 345 360 387 {uasti
388 346 486 395 eius,
516 350 561 387 ut
589 345 746 395 asseris,
773 345 973 387 uoluntati
997 346 1162 398 petentis
1188 345 1468 398 obtemperans.
1511 344 1674 387 dabunt
1699 345 1807 388 enim

237 410 314 452 tibi
337 415 382 452 ut
401 410 512 464 legas
531 410 674 465 procul
693 410 833 461 dubio,
854 410 886 451 si
908 410 1096 459 uolueris,
1118 416 1159 452 et
1179 410 1364 461 ingerent
1385 410 1511 452 etiam
1532 423 1613 452 non
1634 410 1806 464 petenti.

239 489 381 518 uerum
403 483 543 518 tamen
566 475 691 517 etiam
713 476 778 518 hic
800 489 906 530 quae.
926 476 1106 518 maxime
1128 463 1169 517 in
1190 475 1341 517 eisdem
1364 475 1475 517 libris
1497 475 1579 517 tuis
1600 479 1641 517 et
1664 475 1704 516 in
1725 475 1808 517 fide

235 547 311 583 tua
335 541 544 583 emendari
568 542 732 595 cupiam
757 555 838 583 non
862 541 1021 583 tacebo.
1063 541 1242 595 primum
1267 546 1341 590 est,
1367 541 1478 595 quod
1504 540 1699 582 ‘animam
1723 554 1804 583 non

236 607 296 648 ita
324 607 385 648 uis
414 621 438 648 a
467 607 542 648 deo
573 619 658 648 esse
687 607 855 656 factam,
886 611 932 648 ut
962 620 1051 648 eam
1082 620 1132 647 ex
1160 605 1286 647 nihilo
1317 606 1470 655 fecerit,
1500 606 1570 648 sed
1600 619 1650 647 ex
1677 611 1805 647 semet

237 672 353 726 ipso‘.
396 672 466 714 ubi
490 686 571 714 non
596 678 721 727 putas
745 685 831 713 esse
855 684 1120 726 consequens,
1147 676 1193 713 ut
1218 677 1391 714 naturae
1414 671 1467 713 sit
1491 671 1570 718 dei,
1596 671 1693 725 quia
1716 684 1807 725 pro-

236 738 344 779 fecto
364 750 487 791 quam
506 738 559 779 sit
577 738 750 792 impium
770 743 810 778 et
829 737 914 791 ipse
932 737 1152 791 cognoscis.
1181 750 1263 791 qua
1280 736 1496 791 impietate
1514 741 1559 778 ut
1578 748 1728 785 careae,
1748 736 1805 778 ita

235 808 400 856 oportet
423 807 469 844 ut
490 803 602 845 dicas
624 803 785 845 animae
806 808 1016 844 auctorem
1039 803 1176 851 deum,
1200 807 1245 844 ut
1267 801 1319 844 ab
1342 801 1409 843 illo
1430 801 1543 843 facta
1562 801 1630 851 sit,
1653 814 1734 843 non
1755 801 1806 842 de

235 868 314 910 illo.
357 869 467 922 quod
492 868 599 910 enim
624 869 674 910 de
697 867 765 909 illo
790 873 864 918 est,
888 868 995 909 sieut
1020 867 1255 919 unigenitus
1279 867 1401 914 filius,
1427 867 1607 908 eiusdem
1634 872 1805 909 naturae

233 933 349 976 cuius
372 938 413 974 et
435 933 501 974 ille
523 939 596 975 est.
636 939 682 975 ut
705 939 844 975 autem
868 933 1007 974 anima
1029 933 1210 974 eiusdem
1234 938 1406 974 naturae
1429 945 1510 973 non
1532 932 1585 973 sit
1608 931 1722 974 cuius
1744 938 1805 973 est

235 998 312 1049 ille,
336 998 448 1040 facta
469 1004 530 1040 est
552 999 718 1053 quidem
741 998 793 1040 ab
815 998 896 1048 illo,
918 998 989 1039 secl
1012 1011 1092 1039 non
1115 998 1164 1039 de
1186 997 1265 1039 illo.
1305 1003 1378 1039 aut
1399 1010 1493 1049 ergo
1515 997 1580 1038 dic
1603 997 1710 1039 unde
1732 1003 1804 1039 aut

235 1064 365 1105 fatere
384 1064 435 1105 de
455 1064 592 1105 nihilo.
646 1064 743 1118 quid
765 1069 826 1105 est
847 1063 957 1117 quod
977 1063 1078 1104 dicis
1099 1063 1202 1105 ‘eam
1223 1062 1468 1117 particulam
1489 1075 1574 1104 esse
1593 1062 1803 1116 quandam

234 1128 387 1170 halitus
424 1134 596 1171 naturae
631 1129 742 1170 dei‘?
795 1128 1097 1182 numquidnam
1132 1128 1267 1182 ipsum
1303 1127 1478 1169 halitum
1515 1133 1688 1169 naturae
1723 1127 1801 1177 dei,

237 1195 353 1235 cuius
380 1194 534 1235 halitus
562 1199 623 1235 est
652 1194 732 1235 ista
759 1193 974 1247 particula,
1000 1206 1124 1245 negas
1151 1193 1332 1235 eiusdem
1361 1193 1475 1234 cuius
1502 1193 1602 1234 deus
1630 1198 1689 1234 est
1718 1205 1803 1234 esse

232 1258 430 1300 naturae?
461 1259 492 1300 si
512 1272 650 1313 negaS,
670 1272 763 1314 ergo
781 1258 833 1300 de
850 1257 977 1300 nihilo
996 1262 1038 1299 et
1060 1257 1187 1299 istum
1212 1257 1391 1300 halitum
1423 1256 1521 1298 fecit
1546 1257 1661 1307 deus,
1692 1256 1805 1298 cuius

234 1325 386 1366 halitus
410 1325 592 1366 animam
618 1325 678 1366 uis
702 1338 787 1365 esse
811 1323 1070 1378 particulam.
1111 1328 1184 1366 aut
1206 1324 1239 1365 si
1264 1336 1345 1365 non
1369 1324 1419 1365 de
1443 1322 1582 1373 nihilo,
1606 1323 1671 1364 dic
1695 1323 1803 1364 unde

234 1390 346 1432 illum
359 1390 500 1431 fecerit
518 1391 629 1432 deus.
649 1390 683 1431 si
701 1390 751 1431 de
769 1403 810 1430 se
823 1390 924 1444 ipso,
938 1403 1031 1443 ergo
1043 1389 1129 1443 ipse
1141 1393 1201 1430 est
1215 1413 1265 1417 —
1276 1389 1386 1445 quod
1402 1387 1532 1430 absit!
1550 1413 1599 1418 —
1612 1388 1802 1430 materies

233 1456 365 1509 operis
391 1455 466 1497 sui.
511 1456 581 1497 sed
610 1456 730 1497 dieis:
759 1468 848 1496 cum
875 1455 921 1496 de
946 1469 986 1497 se
1012 1455 1101 1508 ipso
1128 1454 1297 1496 halitum
1323 1454 1387 1495 uel
1412 1453 1554 1506 flatum
1579 1453 1688 1506 facit,
1717 1453 1803 1506 ipse

230 1522 377 1574 -inteqer
403 1525 550 1573 manet;
575 1521 691 1575 quasi
719 1534 799 1562 non
828 1525 868 1562 et
894 1520 998 1575 ignis
1024 1520 1212 1562 lucernae
1239 1519 1396 1573 integer
1421 1523 1602 1569 maneat,
1631 1531 1723 1560 cum
1749 1518 1800 1560 de

231 1585 300 1627 illo
328 1586 458 1628 altera
485 1586 736 1632 accenditur,
766 1591 807 1627 et
834 1591 975 1627 tamen
1004 1585 1199 1635 eiusdem,
1229 1598 1309 1626 non
1338 1584 1505 1626 alterius
1532 1584 1586 1625 sit
1614 1589 1797 1625 naturae.

340 1663 408 1704 IV.
436 1665 472 1704 4.
501 1663 590 1711 Sed,
618 1663 765 1718 inquis,
793 1676 882 1704 eum
908 1676 932 1704 a
955 1662 1069 1704 nobis
1094 1666 1177 1703 uter
1202 1661 1382 1714 inflatur,
1409 1674 1490 1702 non
1514 1660 1648 1713 aliqua
1674 1660 1800 1713 portio

231 1732 387 1769 nostrae
406 1732 573 1769 naturae
591 1729 654 1769 uel
671 1728 875 1781 qualitatis
898 1727 1141 1780 infunditur,
1167 1740 1256 1768 eum
1273 1726 1342 1768 hoc
1358 1726 1506 1779 ipsum,
1529 1725 1631 1779 quod
1653 1726 1801 1779 spiritu

229 1793 370 1834 hausto
415 1797 500 1834 uter
542 1793 717 1846 inpletus
762 1793 996 1843 eoetenditur,
1051 1793 1139 1834 sine
1166 1791 1321 1845 ,aliqua
1364 1792 1490 1833 nostri
1532 1791 1800 1832 deminutione

230 1863 396 1912 (feratur.
437 1859 499 1900 his
524 1859 658 1900 uerbis
682 1859 765 1901 tuis
789 1858 924 1900 adhuc
948 1858 1065 1900 addis
1090 1863 1130 1899 et
1154 1857 1369 1899 inmoraris
1393 1862 1433 1898 et
1458 1855 1636 1898 inculcas
1659 1855 1798 1897 simili-

230 1924 418 1965 tudinem
451 1925 568 1978 quasi
599 1925 883 1974 neeessariam,
916 1937 999 1978 qua
1028 1923 1314 1977 intellegamus
1345 1922 1552 1976 quomodo
1583 1921 1682 1963 deus
1712 1921 1798 1962 sine

228 2003 328 2031 suae
348 1994 522 2031 naturae
542 1989 681 2044 aliquo
702 1990 951 2031 detrimento
973 1994 1014 2030 et
1035 1989 1085 2030 de
1104 2002 1147 2030 sc
1167 1988 1254 2042 ipso
1275 1987 1458 2030 animam
1478 1986 1604 2029 faciat
1625 1991 1666 2028 et
1686 1985 1799 2028 facta

317 2131 336 2163 2
355 2129 454 2165 Vino.
473 2129 594 2165 Victor
662 2130 683 2164 5
700 2130 801 2164 Vinc.
818 2129 950 2171 Victum
968 2129 1010 2164 cf.
1030 2139 1107 2175 pag.
1122 2129 1200 2169 305,
1218 2128 1260 2164 19
1278 2137 1353 2173 sqq.
1371 2131 1409 2163 et
1423 2127 1499 2168 339,
1518 2129 1535 2163 1
1607 2127 1659 2162 13.
1678 2127 1731 2162 19.
1749 2126 1794 2162 22

232 2189 329 2224 Vino.
348 2189 468 2225 Victor

320 2280 335 2313 1
355 2278 498 2325 quibus]
514 2279 592 2314 add.
617 2289 711 2313 nunc
727 2279 748 2313 d
840 2278 1042 2313 existimate
1054 2278 1082 2312 C
1184 2278 1204 2312 2
1222 2279 1264 2312 ut
1275 2276 1349 2311 eius
1360 2276 1392 2310 Ε
1480 2274 1657 2321 petentiT
1672 2274 1791 2320 poeni·

233 2338 342 2373 tentis
353 2338 381 2372 C
442 2339 463 2373 3
477 2338 573 2384 legat
583 2338 600 2372 b
659 2338 824 2383 ingerunt
835 2338 866 2372 E
924 2338 945 2372 5
961 2336 1147 2373 emendare
1160 2335 1191 2370 B
1250 2335 1303 2371 ita
1315 2345 1387 2370 non
1398 2335 1430 2370 Ε
1489 2334 1510 2369 6
1525 2333 1658 2369 factam
1676 2344 1749 2368 esse
1761 2334 1792 2368 E

233 2399 252 2432 7
268 2401 371 2444 putes
387 2398 404 2432 b
496 2399 517 2432 8
534 2408 628 2443 qu*a
642 2397 672 2431 B
764 2398 803 2432 11
821 2398 880 2433 alt.
898 2396 996 2432 cuius
1011 2400 1048 2432 et
1063 2396 1119 2432 ille
1136 2400 1190 2431 est
1204 2397 1234 2431 Τ
1324 2397 1379 2430 est
1392 2394 1491 2430 ome
1581 2394 1623 2430 13
1641 2393 1752 2428 facere
1763 2393 1791 2428 C

233 2458 273 2492 14
299 2456 406 2492 alitus
426 2457 541 2501 CDT‚·
553 2457 591 2492 in
606 2467 689 2502 seqq.
704 2467 791 2492 ποτε.
811 2456 834 2491 h
850 2467 963 2492 omnes
977 2456 1069 2491 codd.
1083 2465 1213 2500 semper
1225 2456 1292 2499 lere
1307 2465 1371 2490 om.
1480 2452 1738 2499 numquinnam
1757 2453 1789 2487 Α

236 2517 278 2552 15
292 2516 410 2562 ipsaE
481 2517 520 2552 17
538 2516 590 2553 uis
606 2527 679 2552 esse
696 2516 851 2551 animam
861 2516 898 2551 H
979 2515 1094 2560 anime
1105 2516 1136 2550 E
1200 2513 1286 2560 non]
1303 2516 1350 2549 nii
1363 2514 1395 2548 A
1462 2513 1502 2548 18
1517 2511 1639 2548 fecerit
1649 2511 1750 2548 illum
1760 2511 1791 2546 Ε

228 2587 267 2610 se
282 2577 381 2611 om.E
421 2576 463 2611 19
473 2575 567 2622 cum]
577 2576 673 2622 quod
686 2575 717 2610 B
756 2575 832 2621 ipso
848 2576 889 2611 in
905 2587 970 2621 my.
981 2575 1058 2610 add.
1070 2575 1101 2610 E
1146 2574 1189 2609 20
1201 2576 1346 2608 maneat
1357 2573 1375 2608 b
1415 2574 1453 2607 et
1465 2572 1565 2608 oon-..4
1611 2571 1650 2606 21
1669 2570 1730 2607 illa
1739 2571 1789 2606 El>

231 2636 275 2670 23
290 2626 352 2670 ιιΤο
367 2636 399 2670 A
490 2635 556 2671 hoc
572 2636 646 2681 ipso
665 2646 735 2680 quo
751 2627 817 2680 ᾗ
834 2634 960 2670 hausto
972 2633 1214 2670 ABCDEHIb
1230 2632 1287 2668 hio
1298 2632 1373 2679 ipse
1388 2630 1533 2677 spiritus
1546 2640 1617 2676 quo
1631 2629 1790 2665 haustod

232 2696 273 2729 24
290 2694 486 2740 impleturb
561 2694 797 2730 diminutione
819 2694 990 2729 BCEde
1065 2693 1108 2729 25
1123 2691 1316 2739 egeraturd
1381 2689 1452 2726 tuis
1467 2688 1571 2726 mnB
1634 2688 1792 2725 uidisset

225 2754 310 2798 (om.
328 2756 378 2797 et)
395 2754 426 2788 B
499 2754 685 2800 et-quasi
698 2753 799 2791 om.H
875 2753 918 2789 27
934 2751 1044 2788 faciet
1059 2752 1091 2787 A

1837 878 1873 906 io

1828 1531 1870 1559 20

1825 1867 1866 1896 25
