2028 3204
637 184 684 222 11.
711 184 824 223 Index
847 185 1030 222 nominum
1053 190 1090 222 et
1114 196 1242 223 rerum.

194 303 292 339 sione
302 307 340 339 et
350 314 415 340 sua
425 303 668 351 redemptione
678 314 768 351 opus
778 303 911 341 habeat

198 362 212 398 1
249 364 325 406 127,
360 364 393 400 8.
427 363 732 400 incommutabilis
764 363 910 400 luminis

193 423 468 470 participatione
484 423 605 459 anima
621 423 805 460 rationalis
822 434 908 471 quo·

193 483 385 520 dammodo
412 483 619 519 accenditur
648 483 663 519 I
691 484 768 526 163,
795 484 828 520 5.
854 484 908 519 in-

194 542 304 579 terior
338 547 394 579 est
426 543 567 579 animae
601 547 744 579 nostrae
777 547 908 580 natura

193 613 300 649 quam
319 614 446 650 corpus
466 603 481 638 I
499 604 577 646 385,
597 604 651 640 25.
683 603 806 639 anima
822 603 907 639 iaci-

191 662 260 698 lius
284 663 406 710 potuit
429 663 565 699 uiscera
588 663 774 699 uiuificare
799 674 906 711 quam

193 733 294 758 nosse
317 722 331 758 I
351 724 430 766 386,
450 725 482 759 4.
516 723 649 766 anima,
669 723 766 770 quod
785 734 907 760 omnes

193 783 364 825 fatentur,
399 783 583 819 mutabilis
616 787 682 826 est,
717 784 761 820 de
795 783 906 819 nihilo

193 842 290 878 facta
317 847 372 879 est
399 854 420 878 a
447 843 512 879 deo
544 843 560 879 1
587 844 666 885 306,
695 844 750 880 21.
780 844 835 880 23.
877 843 905 879 si

193 902 313 938 anima
336 914 406 938 non
430 907 486 938 est
508 915 551 939 ex
575 903 722 939 traduce
746 904 807 939 sed
831 904 907 939 sola

192 972 285 1005 caro,
311 962 390 1009 ipsa
415 967 557 998 tantum
585 963 695 999 habet
720 964 904 1000 traducem

192 1023 329 1068 peccati
357 1027 395 1058 et
425 1023 503 1069 ipsa
525 1022 600 1059 sola
623 1033 773 1069 poenam
796 1034 906 1059 mere-

192 1087 251 1117 tur
269 1094 337 1129 sqq.
364 1082 378 1117 1
402 1084 477 1125 144,
500 1084 531 1118 9.
567 1083 688 1118 anima
706 1083 744 1118 in
766 1083 905 1119 Christo

193 1146 316 1178 renata
331 1146 368 1178 et
383 1147 556 1178 renouata
574 1142 587 1177 I
605 1144 683 1186 393,
703 1144 754 1179 18.
784 1143 906 1179 anima

192 1202 342 1237 carnalis
376 1202 422 1238 fit
456 1202 626 1249 spiritalis
664 1203 699 1238 II
736 1205 813 1246 249,
851 1204 903 1239 16.

191 1262 330 1297 animae
355 1263 452 1308 prius
466 1263 503 1298 in
521 1262 663 1298 caelesti
681 1263 905 1299 habitatione

192 1326 378 1368 peccantes
394 1333 479 1358 num
496 1322 674 1369 gradatim
693 1327 802 1369 atque
819 1334 905 1370 pau-

192 1382 293 1417 latim
311 1383 356 1418 ad
374 1394 516 1419 suorum
535 1383 740 1418 meritorum
759 1394 906 1430 corpora

193 1441 339 1478 ueniant
360 1454 401 1478 ac
422 1454 484 1489 pro
506 1448 590 1479 ante
611 1446 711 1489 gesta
732 1443 811 1479 uita
831 1454 905 1478 cor-

193 1502 306 1548 poreis
324 1502 484 1548 pestibus
501 1503 722 1549 adfligentur
742 1503 757 1538 Ι
776 1503 830 1545 29,
851 1503 903 1538 18.

191 1562 331 1598 animae
348 1566 546 1608 martyrum
568 1563 582 1598 I
601 1564 679 1603 412,
699 1564 752 1599 27.
784 1562 906 1598 anima

192 1622 326 1667 pecoris
367 1622 547 1669 appellata
588 1622 718 1668 legitur
759 1622 906 1669 spiritus

194 1681 209 1716 l
235 1683 312 1724 417,
342 1683 394 1718 13.
434 1682 613 1729 quomodo
639 1682 738 1724 deus,
763 1682 905 1718 etiamsi

190 1741 328 1776 animas
354 1752 426 1777 non
452 1742 496 1778 de
523 1743 670 1778 traduce
698 1746 806 1784 creat,
834 1753 905 1777 non

191 1801 240 1836 sit
282 1806 402 1838 tamen
445 1806 570 1838 auctor
613 1807 732 1837 reatus
774 1813 903 1848 magna

192 1862 355 1907 quaestio
379 1865 433 1898 est
456 1862 471 1897 I
492 1863 569 1904 127,
590 1863 644 1897 20.
665 1862 793 1899 animae
814 1873 905 1897 mor-

191 1925 263 1956 tem
283 1921 321 1956 in
341 1925 488 1968 peccato
508 1922 588 1957 fieri
611 1922 626 1956 I
647 1923 679 1964 3,
702 1923 756 1957 19.
790 1922 906 1957 omnis

192 1991 314 2016 sensus
345 1981 390 2017 ab
423 1981 544 2016 anima
573 1981 668 2017 inest
699 1985 737 2016 et
768 1981 904 2027 corpori

196 2039 209 2074 I
229 2040 307 2082 388,
329 2042 359 2077 7.
393 2041 514 2076 anima
531 2041 682 2076 infantis
700 2051 771 2076 non
791 2041 904 2076 solum

190 2100 348 2143 indocta,
366 2111 487 2136 uerum
506 2100 615 2136 etiarn
632 2100 797 2136 indocilis
817 2100 831 2135 1
849 2102 905 2142 67,

194 2160 247 2195 25.
296 2162 340 2204 cs.
393 2161 496 2196 etiam
537 2161 742 2197 Vincentius
784 2161 901 2197 Victor

199 2222 239 2256 in
270 2219 389 2258 Indice
408 2221 614 2267 scriptorum
648 2232 725 2268 paq.
761 2222 837 2257 594.

146 2315 278 2351 animal
299 2316 471 2352 rationale
492 2315 691 2362 legitimum
713 2315 848 2362 aliquid
870 2319 907 2352 et

192 2375 304 2411 sentit
326 2379 364 2412 et
387 2376 476 2411 facit
500 2375 516 2411 1
541 2377 619 2418 203,
644 2377 676 2412 3.

147 2471 252 2505 Anna
274 2470 353 2506 filia
377 2470 510 2507 Fanuel
536 2470 552 2506 Ι
577 2471 655 2514 263,
681 2471 736 2507 21.

148 2542 252 2577 Anna
278 2541 476 2578 Samuhelis
499 2546 629 2578 mater:
658 2542 673 2578 Ι
699 2543 777 2585 263,
802 2543 857 2579 20.

147 2642 285 2689 apertio
306 2643 504 2679 oculorum:
530 2643 545 2679 I
570 2644 646 2686 108,
669 2644 724 2680 22.
747 2644 826 2686 449,
850 2645 904 2680 13.

196 2701 231 2738 11
256 2703 334 2746 218,
361 2704 414 2740 17.

147 2809 280 2856 apices:
308 2809 344 2845 11
370 2810 447 2854 102,
474 2811 526 2847 13.

1078 106 1114 134 0

1654 182 1734 225 597

983 304 1273 352 Apollinaristae:
1302 305 1317 341 1
1341 306 1420 348 332,
1444 307 1477 342 3.

982 392 1169 436 apostatae
1188 389 1309 425 anima
1327 392 1410 436 post
1426 389 1609 437 baptisma
1627 400 1742 426 sacra-

1027 453 1187 485 mentum
1202 449 1289 486 fidei
1302 460 1373 485 non
1387 449 1528 486 amittit
1543 449 1578 486 11
1593 450 1671 493 223,
1686 451 1740 487 23.

981 533 1221 579 apostolatus:
1243 533 1259 569 I
1278 534 1333 576 92,
1353 534 1407 569 24.
1430 533 1465 569 11
1484 535 1540 578 87,
1558 535 1591 571 6.
1611 535 1667 577 91,
1687 535 1740 571 19.

1027 594 1082 636 92,
1107 594 1140 629 5.
1169 595 1222 630 10.
1251 595 1303 630 13.
1332 594 1408 638 185,
1436 594 1489 631 15.

981 665 1329 712 apostolicus-a-um:
1369 667 1469 702 sedes
1511 665 1527 701 I
1565 666 1644 708 351,
1684 667 1740 702 21.

1028 725 1064 761 ΙΙ
1087 726 1163 768 179,
1192 727 1244 762 14.
1271 726 1439 762 doctrina
1466 725 1501 761 11
1525 727 1580 769 72,
1603 727 1658 762 27.
1681 727 1738 769 90,

1027 786 1080 821 10.
1110 787 1187 828 130,
1215 786 1268 821 15.
1295 786 1547 821 testimonium
1583 785 1598 820 I
1625 787 1679 829 10,
1706 787 1739 822 8.

1026 846 1104 887 200,
1129 847 1182 881 13.
1206 845 1242 880 11
1264 847 1318 888 23,
1335 847 1366 882 9.
1383 845 1527 881 uerbaI
1550 847 1625 888 134,
1647 848 1679 881 4.
1705 845 1742 881 11

1024 906 1102 948 237,
1117 907 1150 941 4.
1167 905 1244 947 255,
1265 906 1317 941 15.
1336 917 1450 941 sermo
1470 905 1485 940 I
1504 906 1580 948 145,
1609 906 1653 942 25
1675 910 1734 943 etc.

979 983 1162 1031 apostolus
1191 983 1371 1029 (passim):
1402 994 1459 1030 ap.
1491 994 1571 1019 cum
1600 982 1742 1019 dicatur

1024 1043 1054 1079 si
1065 1054 1136 1080 non
1148 1043 1371 1090 exprimatur
1382 1043 1463 1090 quis
1474 1043 1658 1090 apostolus
1668 1054 1740 1079 non

1023 1103 1243 1150 intellegitur
1265 1103 1335 1139 nisi
1359 1104 1490 1139 Paulus
1517 1103 1532 1138 I
1557 1104 1624 1140 489
1662 1104 1692 1139 1.

980 1187 1062 1211 arca
1084 1176 1176 1211 Noe:
1204 1175 1218 1210 I
1241 1176 1297 1218 40,
1321 1176 1352 1211 6.
1377 1177 1432 1218 83,
1457 1176 1511 1211 22.
1536 1175 1614 1218 385,
1640 1176 1692 1211 19.

979 1259 1135 1295 Arriani:
1162 1258 1356 1295 catholicos
1383 1259 1601 1295 Sabellianos
1626 1258 1741 1294 crimi-

1024 1324 1157 1355 nantur
1188 1319 1223 1355 II
1253 1320 1331 1362 292,
1363 1321 1415 1355 12.
1457 1319 1636 1355 trinitatis
1663 1318 1742 1355 ausi

1024 1384 1110 1415 sunt
1123 1391 1196 1416 non
1211 1390 1380 1427 personas
1394 1379 1591 1415 discernere
1610 1379 1646 1414 II
1662 1380 1741 1422 292,

1025 1442 1078 1476 21.

979 1516 1092 1548 artem
1110 1511 1351 1547 anatomicam
1378 1511 1435 1547 uel
1460 1511 1669 1558 empiricam
1685 1512 1737 1548 di-

1023 1584 1118 1608 scere
1144 1572 1159 1607 1
1184 1572 1262 1614 387,
1290 1572 1343 1608 15.

979 1643 1146 1690 Assyrius
1168 1643 1226 1679 ille
1251 1655 1328 1680 rex:
1357 1643 1392 1678 II
1419 1643 1496 1685 145,
1522 1643 1553 1679 2.

979 1703 1149 1751 astrologi
1179 1708 1276 1740 certa
1306 1708 1506 1750 temporum
1538 1703 1741 1738 dinumera-

1022 1764 1122 1800 tione
1142 1764 1226 1799 solis
1246 1764 1396 1800 lunaeue
1416 1763 1578 1798 defectus
1599 1763 1738 1810 praedi-

1025 1828 1109 1860 cant
1136 1823 1170 1859 ΙΙ
1197 1824 1274 1866 186,
1301 1824 1355 1859 12.

979 1902 1175 1937 auctoritas
1226 1901 1482 1948 scripturarum
1534 1900 1740 1936 diuinarum

1027 1961 1062 1996 II
1088 1962 1143 2004 24,
1168 1963 1200 1996 4.
1227 1963 1282 2003 64,
1309 1962 1363 1996 17.
1389 1962 1443 1997 24.
1471 1960 1548 2003 254,
1571 1962 1602 1996 4.

979 2038 1165 2074 audientia
1200 2038 1474 2084 (=iudicium):
1514 2037 1530 2074 1
1566 2038 1644 2080 458,
1687 2039 1740 2074 18.

1024 2099 1103 2141 459,
1129 2100 1160 2134 7.

980 2176 1218 2223 Augustinus:
1244 2176 1258 2211 1
1281 2176 1357 2218 128,
1379 2177 1432 2211 13.
1454 2176 1532 2218 336,
1552 2177 1585 2211 2.
1607 2176 1685 2217 381,
1706 2177 1739 2212 3.

1024 2237 1103 2279 396,
1134 2237 1187 2272 15.
1216 2237 1295 2279 429,
1324 2237 1378 2272 23.
1411 2234 1446 2270 II
1474 2237 1508 2278 3,
1536 2237 1568 2271 3.
1600 2236 1676 2277 102,
1705 2236 1738 2271 8.

1025 2297 1103 2339 105,
1133 2297 1187 2332 18.
1218 2297 1294 2338 174,
1324 2298 1378 2332 14.
1408 2296 1486 2338 209,
1514 2296 1546 2331 3.
1588 2295 1666 2338 254,
1706 2296 1738 2330 7.

1026 2357 1080 2392 15.

980 2433 1144 2470 Aurelius
1159 2444 1270 2481 papa:
1290 2432 1327 2468 II
1343 2434 1399 2476 51,
1415 2434 1448 2469 3.
1468 2433 1544 2475 168,
1561 2433 1593 2468 6.
1613 2432 1666 2468 18.
1684 2433 1739 2468 22.

1026 2494 1104 2537 169,
1130 2495 1161 2530 1.
1186 2494 1219 2530 6.
1246 2494 1324 2536 174,
1348 2494 1381 2529 4.
1411 2493 1489 2535 176,
1518 2492 1572 2528 28.

980 2571 1142 2607 Asa-rias:
1167 2572 1247 2614 263,
1273 2571 1326 2607 18.

980 2690 1200 2738 Baptismus,
1211 2689 1408 2737 baptisma:
1421 2687 1622 2735 baptismus
1632 2687 1740 2724 semel

1022 2750 1131 2787 datur
1151 2749 1169 2786 1
1189 2751 1265 2793 112,
1284 2751 1319 2792 3,
1338 2750 1383 2793 cl.
1404 2748 1441 2784 11
1460 2748 1539 2791 250,
1558 2748 1591 2784 5.
1624 2758 1739 2783 sacra·

1021 2814 1184 2847 mentum
1204 2808 1376 2857 baptismi
1395 2819 1483 2844 sacr.
1502 2807 1740 2854 regeneratio·
