2028 3204
689 187 821 225 liberl
854 189 908 230 14,
940 187 1083 229 21-15,
1115 186 1158 222 25
1215 214 1219 218 .
1628 175 1707 217 323

139 322 306 360 constat
338 329 390 359 ex
422 315 647 372 propagine
680 314 733 359 ab
765 314 834 357 illo
868 314 969 356 haec
1001 313 1090 355 fieri
1123 319 1250 368 atque
1291 312 1450 363 donari,
1495 312 1556 354 ita
1594 325 1718 367 quae-

141 382 318 426 rendum
350 388 413 425 est
445 382 586 431 etiam,
629 381 799 436 spiritus
831 385 874 422 et
906 379 1046 422 anima
1088 378 1265 421 hominis
1299 379 1409 421 unde
1441 377 1494 420 ab
1527 377 1595 420 illo
1628 377 1718 420 effi-

139 448 285 499 ciatur,
320 461 347 490 a
378 460 459 502 quo
507 447 715 489 efficiente
761 446 956 496 donatur,
1006 451 1146 488 utrum
1195 458 1247 487 ex
1294 443 1537 500 parentibus
1581 458 1635 486 an
1668 457 1718 486 ex

139 513 266 557 nihilo
294 527 345 556 an
373 539 431 544 —
459 513 567 569 quod
597 513 674 555 iste
702 512 903 562 affirmat,
928 511 1000 554 sed
1023 511 1134 554 omni
1161 511 1285 553 modo
1313 510 1546 553 cauendum
1577 516 1639 552 est
1668 535 1718 539 —

139 594 191 623 ex
238 579 379 635 aliqua
424 579 553 621 flatus
598 579 684 621 eius
728 578 954 620 exsistente
996 582 1160 626 natura,
1196 590 1277 619 non
1310 577 1362 619 de
1394 576 1521 618 nihilo
1564 582 1716 619 creata.

142 646 213 689 sed
245 646 297 688 de
329 645 430 701 ipso.

230 722 321 765 XV.
366 724 428 766 24.
480 724 582 765 (itum
631 722 756 777 igitur
801 722 1101 777 scripturarum
1150 720 1403 771 testimonia,
1455 733 1561 775 quae
1609 733 1718 761 com-

140 793 358 839 memorat,
403 802 667 844 nequaquam
712 788 890 830 doceant
932 787 972 829 id
1017 787 1127 843 quod
1171 786 1416 842 persuadere
1461 791 1636 829 conatur
1670 811 1718 815 —

145 855 256 911 quod
302 855 410 897 enim
450 855 501 897 ad
552 855 661 896 hanc
712 854 996 909 quaestionem
1045 853 1212 902 attinet,
1260 852 1428 894 omnino
1478 866 1560 894 non
1603 852 1737 907 expri-

142 926 264 963 munt
312 945 375 969 —,
428 921 527 976 quid
586 926 648 963 est
703 920 812 975 quod
864 920 984 961 dicit:
1032 919 1211 961 animam
1262 933 1312 960 ea:
1362 917 1465 971 flatu
1521 918 1585 959 dei
1629 932 1718 960 ecm-

141 991 290 1028 stanter
353 987 583 1034 asserimus,
648 1000 729 1028 mm
792 1000 842 1027 ea:
915 985 1085 1031 traduce,
1150 986 1245 1039 quota
1318 997 1367 1026 ear
1430 984 1500 1026 deo
1572 984 1721 1026 datur?

142 1052 258 1107 quasi
313 1066 460 1108 corpus
509 1066 558 1095 cx
616 1051 695 1094 alio
743 1052 866 1094 detur
924 1064 1050 1106 quam
1098 1065 1147 1093 ex
1197 1051 1277 1101 illo,
1328 1064 1354 1092 a
1401 1064 1483 1106 quo
1541 1056 1717 1099 creatur,

142 1132 191 1160 ex
247 1132 329 1173 quo
390 1118 541 1168 omnia,
601 1131 671 1173 per
729 1131 851 1173 quem
912 1117 1063 1167 omnia,
1126 1117 1165 1159 in
1218 1131 1300 1172 quo
1363 1116 1514 1162 omnia,
1575 1129 1719 1171 quam-

145 1185 206 1226 uis
256 1198 337 1226 non
386 1198 435 1226 ex
484 1184 570 1226 eius
625 1189 787 1230 natura,
855 1184 925 1225 sed
983 1197 1032 1224 ex
1100 1183 1185 1225 eius
1249 1182 1425 1238 opificio.
1494 1195 1616 1236 neque
1671 1194 1721 1223 eu:

142 1249 282 1295 nih-ilo.
348 1250 495 1305 inquit,
561 1251 655 1304 quia
717 1263 767 1291 em
827 1249 898 1291 deo
960 1249 1245 1303 proficiscitur.
1313 1249 1388 1290 hoc
1452 1248 1572 1303 plane
1637 1262 1719 1290 non

147 1315 283 1357 adhuc
347 1316 627 1371 quaerendum
692 1329 908 1357 monemus
974 1320 1115 1357 utrum
1182 1315 1243 1356 ita
1298 1314 1371 1364 sit;
1435 1314 1506 1356 sed
1555 1328 1719 1369 prorsus

146 1395 288 1423 uerum
322 1395 404 1423 non
438 1395 524 1423 esse
557 1382 666 1436 quod
701 1381 816 1430 dicit,
851 1381 891 1423 id
929 1386 991 1423 est
1026 1381 1136 1436 quod
1170 1380 1308 1423 anima
1356 1394 1430 1422 nec
1463 1394 1513 1422 ex
1547 1380 1719 1422 traduce

143 1447 197 1488 sit
230 1460 304 1489 nec
335 1461 384 1489 ex
418 1447 558 1497 nihilo,
596 1448 682 1493 hoc,
718 1447 901 1501 inquam,
937 1460 1081 1489 uerum
1114 1460 1198 1490 non
1227 1459 1312 1488 esse
1341 1446 1429 1488 sine
1455 1445 1720 1488 dubitatione

144 1512 371 1555 firmamus.
408 1527 537 1555 unum
570 1518 632 1555 est
665 1513 775 1555 enim
806 1526 827 1554 e
859 1512 1041 1555 duobus:
1091 1512 1124 1553 si
1157 1526 1207 1554 ex
1240 1512 1414 1554 traduce
1447 1526 1529 1554 non
1563 1518 1638 1561 est,
1669 1525 1719 1553 ex

145 1577 271 1620 nihilo
320 1584 396 1629 est,
446 1593 496 1621 ne
530 1579 589 1620 ita
621 1578 675 1621 sit
707 1593 758 1620 ex
790 1579 880 1629 deo,
916 1583 962 1621 ut
996 1583 1171 1620 naturae
1204 1578 1257 1620 sit
1290 1577 1369 1629 dei,
1404 1578 1516 1633 quod
1552 1578 1718 1619 omnino

144 1643 386 1699 sacrilegum
419 1649 483 1687 est
514 1645 689 1687 credere.
740 1644 807 1686 sed
858 1644 993 1686 adhue
1036 1650 1178 1686 utrum
1220 1657 1302 1686 non
1345 1643 1398 1685 sit
1440 1657 1489 1686 ex
1532 1644 1717 1694 traduce,

145 1715 258 1752 certa
280 1710 522 1753 testimonia
546 1710 784 1766 flagitamus
810 1715 884 1752 aut
914 1710 1161 1765 quaerimus
1194 1724 1273 1752 non
1303 1709 1442 1765 qualia
1465 1711 1542 1751 iste
1565 1710 1717 1765 posuit,

146 1775 296 1831 quibus
331 1776 406 1818 hoc
440 1776 551 1831 quod
584 1777 820 1832 quaerimus
853 1790 937 1819 non
970 1776 1215 1818 ostenditur.

234 1853 296 1896 25.
348 1854 426 1903 Qui
460 1854 621 1896 utinam
655 1854 696 1896 in
728 1859 851 1896 tanta
882 1854 1170 1909 profunditate
1203 1853 1469 1909 quaestionis,
1520 1854 1719 1908 quamdiu

98 1949 105 1958 .
145 1918 243 1974 quid
277 1919 391 1962 dicat
424 1919 600 1973 ignorat,
636 1920 869 1962 imitaretur
901 1919 1223 1962 Machabeorum
1255 1918 1456 1962 matrem!
1492 1933 1598 1975 quae
1626 1932 1719 1961 cum

146 1983 268 2026 sciret
300 1985 351 2026 de
384 1985 472 2027 uiro
503 1999 545 2026 se
578 1985 684 2027 filios
727 1985 961 2041 concepisse
1009 1991 1050 2027 et
1099 1999 1123 2026 a
1169 1990 1353 2027 creatore
1401 1985 1586 2027 omnium
1634 1985 1720 2026 siue

147 2050 374 2092 secundum
407 2064 554 2106 eorpus
586 2050 672 2093 siue
705 2051 931 2093 secundum
966 2051 1148 2094 animam
1182 2057 1222 2092 et
1256 2050 1447 2106 spiritum
1493 2050 1569 2092 sibi
1611 2064 1723 2094 crea-

148 2121 212 2157 tos
244 2129 343 2166 esse,
388 2116 446 2158 ait
488 2121 648 2159 tamen:
698 2116 908 2159 nescio
958 2117 1256 2172 quomodo
1303 2116 1617 2171 paruistis
1666 2116 1722 2158 in

148 2187 424 2224 uentrem
478 2195 672 2225 meum.
724 2182 870 2225 uellem
918 2182 995 2225 iste
1042 2182 1210 2233 diceret,
1254 2182 1354 2238 quid
1386 2182 1468 2225 ista
1497 2182 1720 2225 nesciebat.

149 2246 250 2289 haec
282 2247 404 2298 enim,
439 2260 545 2303 quae
577 2248 677 2299 dixi,
710 2248 855 2304 utique
881 2247 1051 2299 sciebat,
1078 2248 1288 2304 quomodo
1317 2248 1544 2291 seeundum
1574 2262 1720 2304 corpus

149 2312 188 2354 in
221 2313 306 2355 eius
342 2320 506 2356 uterum
541 2314 743 2360 uenerint.
780 2314 879 2370 quia
905 2315 957 2357 de
987 2314 1075 2356 uiro
1103 2327 1171 2357 eos
1201 2328 1243 2356 se
1270 2314 1504 2369 concepisse
1528 2314 1721 2356 dubitare

244 2461 285 2496 10
301 2461 401 2497 Vinc.
420 2461 541 2498 Victor
602 2463 643 2498 13
659 2462 704 2499 cf.
730 2463 831 2499 Rom.
852 2465 904 2505 11,
920 2464 965 2499 36
1023 2465 1062 2499 14
1076 2462 1177 2499 Vino.
1197 2462 1319 2498 Victor
1380 2463 1422 2498 28
1441 2462 1478 2498 11
1495 2463 1611 2498 Mach.
1626 2464 1658 2505 7,
1676 2464 1719 2498 22

246 2570 260 2604 l
278 2568 498 2605 reddendum
510 2570 552 2604 J!
568 2570 650 2615 (den
669 2580 697 2605 s.
708 2569 747 2615 1.)
821 2571 841 2605 2
854 2569 910 2605 ini
922 2571 954 2606 Ε
1039 2572 1061 2606 5
1078 2570 1252 2606 exinoente
1268 2570 1436 2606 BCEGM
1509 2572 1552 2607 10
1569 2581 1614 2606 ex
1630 2570 1720 2606 flatu

151 2626 227 2663 dei?
240 2627 453 2665 Constant&
462 2630 480 2664 b
528 2631 566 2665 11
578 2630 707 2667 datum
718 2630 794 2666 m!
838 2632 933 2667 12ex
945 2629 1016 2666 alio
1030 2631 1131 2667 om.E
1171 2629 1248 2677 illo]
1255 2630 1326 2666 alio
1337 2631 1369 2666 Ε
1411 2632 1452 2667 14
1463 2631 1565 2675 prim.
1576 2629 1637 2676 ex]
1645 2629 1718 2666 deb

153 2688 196 2723 17
212 2687 293 2735 nec]
304 2689 417 2724 nonG
475 2690 520 2725 20
533 2695 664 2727 natura
676 2691 708 2725 Ε
752 2689 811 2726 dei
826 2699 871 2726 ex
889 2692 947 2727 tra
964 2692 1053 2726 duce
1070 2693 1168 2727 certe
1180 2689 1350 2737 sacrilega
1365 2689 1398 2725 Ρ
1427 2691 1485 2726 ’23
1500 2690 1596 2736 quod
1610 2701 1675 2725 om.
1688 2691 1719 2725 A

151 2747 195 2783 25
208 2747 339 2784 dicit?
394 2748 686 2786 machabaeum
698 2751 732 2786 D
777 2753 846 2797 qne
862 2750 903 2785 M
963 2752 1005 2787 27
1023 2761 1150 2798 corpus
1163 2762 1192 2785 s.
1207 2760 1276 2786 sec.
1292 2750 1330 2786 in
1347 2750 1453 2797 my]7
1514 2750 1557 2786 28
1573 2759 1724 2796 appam-

150 2805 230 2843 isti·
243 2807 294 2843 ΕΙ)
354 2808 398 2844 29
413 2812 537 2845 uentre
554 2820 632 2845 meo
650 2810 790 2846 EFm⁴2b
842 2810 887 2847 30
903 2809 996 2846 dixit
1011 2811 1062 2846 Eb
1113 2811 1153 2846 31
1173 2809 1303 2846 iterum
1314 2808 1359 2844 M
1411 2808 1549 2845 uenerit
1563 2809 1605 2844 M

1586 2881 1649 2916 21⁸
