1976 3210
266 290 342 329 166
805 299 850 334 11.
877 300 929 335 De
952 299 1078 346 spiritu
1107 304 1142 335 ct
1173 300 1292 336 littera

260 437 353 466 nem
385 428 526 466 autem
557 425 690 466 cordis
720 424 835 475 dicit,
867 437 1013 480 puram
1042 425 1197 468 scilicet
1227 425 1280 468 ab
1311 426 1423 468 omni
1452 426 1610 470 inlicita
1640 429 1834 484 concupi·

258 490 416 532 scentia
433 489 715 540 uoluntatem3
735 490 845 545 quod
866 504 949 532 non
966 490 1018 532 fit
1034 490 1175 533 littera
1191 491 1365 534 docente
1383 496 1425 535 et
1443 492 1642 544 minante,
1661 493 1733 539 sed
1750 494 1831 549 spi-

260 556 343 598 ritu
378 556 604 614 adiuuante
629 561 755 610 atque
778 561 962 598 sanante.
1003 556 1094 598 ideo
1118 556 1206 599 laus
1230 556 1376 599 talium
1401 571 1483 600 non
1506 572 1557 600 ex
1579 558 1830 609 hominibus,

257 622 327 664 sed
344 635 394 663 ox
410 622 487 663 deo
505 626 579 670 est,
597 621 669 676 qui
686 635 757 676 per
771 635 889 664 suam
904 622 1081 677 gratiam
1098 627 1285 678 praestat
1304 623 1412 666 unde
1428 623 1662 676 laudentur,
1680 625 1731 667 de
1747 637 1830 680 quo

257 687 427 729 dicitur:
465 688 515 729 in
552 687 754 730 domino
790 687 1088 730 laudabitur
1122 688 1291 730 anima
1327 701 1433 731 mea
1470 694 1512 731 et
1551 690 1617 732 cui
1657 690 1826 732 dicitur:
1856 703 1873 731 5

256 753 391 808 apud
421 758 468 794 te
496 752 606 794 laus
637 766 752 803 mea,
780 766 861 795 non
887 753 1026 808 quales
1050 753 1109 795 illi
1132 758 1231 796 sunt
1254 754 1326 809 qui
1348 755 1472 797 deum
1496 754 1656 798 laudari
1680 755 1827 798 uolunt

255 819 367 874 quod
387 819 576 861 homines
600 823 711 870 sunt,
738 831 780 860 se
806 824 946 861 autem
973 819 1086 874 quod
1111 819 1210 861 iusti
1235 824 1344 862 sunt.

364 886 424 926 14.
452 884 531 926 Sed
556 884 781 935 laudamus,
800 885 1007 939 inquiunt,
1035 889 1069 926 et
1091 885 1209 926 deum
1233 890 1388 927 nostrae
1406 886 1711 938 iustificationis
1737 899 1829 928 auc-

258 954 376 991 torem
404 951 451 991 in
482 963 524 991 eo
543 950 645 1002 quod
664 951 782 1004 leyem
800 950 917 1001 dedit,
948 951 1062 992 cuius
1082 951 1233 992 intuitu
1250 951 1481 993 muerimus
1499 951 1827 1004 quemadmodum

256 1017 394 1058 uvjuere
418 1015 638 1066 debeamus,
665 1029 740 1058 nec
765 1016 941 1058 audiunt
966 1017 1079 1071 quod
1103 1016 1263 1070 legunt:
1300 1017 1419 1071 quia
1451 1029 1548 1061 non
1579 1017 1827 1059 iustifica—
1859 1029 1898 1057 io

257 1082 396 1123 bitur
421 1081 611 1136 exlege
637 1082 798 1125 omnis
824 1094 936 1123 caro
963 1095 1126 1124 coram
1153 1081 1254 1124 deo,
1292 1087 1430 1137 potest
1451 1083 1559 1124 enim
1580 1083 1670 1124 fieri
1689 1096 1826 1126 coram

256 1146 504 1197 hominibus,
526 1160 608 1189 non
630 1153 770 1190 autem
791 1161 929 1189 coram
950 1147 1018 1189 illo
1040 1148 1111 1202 qui
1130 1148 1263 1190 cordis
1284 1149 1411 1203 ipsius
1431 1153 1473 1190 et
1492 1149 1664 1190 intimae
1686 1148 1829 1190 uolun-

256 1214 356 1255 tatis
374 1214 582 1267 inspector
601 1218 677 1264 est,
690 1213 761 1255 ubi
779 1213 905 1264 uidet,
918 1214 1082 1255 etiamsi
1092 1213 1204 1255 aliud
1216 1214 1344 1256 faciat
1356 1214 1428 1268 qui
1439 1214 1567 1268 legem
1582 1215 1714 1264 timet,
1728 1214 1828 1269 quid

256 1285 395 1321 tamon
408 1278 551 1321 mallet
562 1279 708 1329 facere,
726 1279 760 1320 si
771 1278 922 1321 liceret.
945 1293 993 1321 ac
1012 1293 1062 1320 ne
1083 1280 1302 1334 quisquam
1323 1284 1490 1334 putaret
1508 1280 1574 1322 hic
1594 1279 1827 1334 apostolum

255 1358 304 1387 ea
332 1344 417 1399 lege
445 1345 597 1386 dixisse
625 1345 830 1386 neminem
858 1345 1088 1396 iustificari,
1117 1358 1224 1399 quae
1252 1345 1294 1386 in
1322 1345 1592 1387 sacramentis
1619 1345 1826 1388 ueteribus
1859 1357 1894 1384 ιτ,

256 1409 389 1452 multa
413 1411 600 1452 continet
624 1411 805 1464 figurata
829 1415 1062 1465 praecepta,
1088 1411 1197 1452 unde
1221 1411 1347 1452 etiam
1371 1411 1461 1465 ipsa
1485 1415 1547 1452 est
1571 1410 1826 1453 circumcisio

254 1477 401 1527 carnis,
429 1490 554 1531 quam
580 1477 647 1518 die
673 1481 821 1518 octauo
848 1477 1031 1531 accipere
1057 1475 1221 1530 paruuli
1246 1475 1344 1518 iussi
1368 1482 1478 1526 sunt,
1507 1476 1706 1518 continuo
1731 1476 1826 1519 sub-

257 1542 393 1584 iunxit
423 1556 549 1597 quam
582 1542 710 1597 legem
743 1542 895 1584 dixerit
927 1547 968 1583 et
999 1542 1078 1583 ait:
1111 1554 1202 1596 per
1239 1541 1394 1596 legem
1434 1542 1564 1583 enim
1603 1542 1825 1595 cognitio

256 1608 461 1662 peccati.
502 1607 571 1650 illa
593 1608 719 1662 igitur
741 1608 808 1649 lex
830 1612 905 1658 est,
930 1608 980 1650 de
1003 1620 1088 1662 qua
1111 1612 1255 1662 postea
1277 1607 1398 1649 dicit:
1432 1612 1694 1662 peccatum
1727 1619 1823 1650 non

253 1685 409 1727 cogno
422 1674 470 1715 ui
506 1674 602 1718 nisi
641 1686 725 1728 per
759 1674 926 1729 legem.
981 1685 1093 1717 nam
1129 1673 1602 1727 concupiscentiam
1641 1673 1824 1716 nescie-
1852 1685 1893 1713 2⁰

256 1739 380 1788 bam,
412 1740 508 1783 nisi
537 1739 617 1781 lex
646 1739 852 1780 diceret:
884 1752 982 1783 non
1010 1739 1350 1793 concupisces.
1376 1752 1472 1781 nam
1505 1738 1602 1792 quid
1627 1743 1688 1780 est
1711 1738 1823 1780 aliud

254 1818 345 1859 per
379 1805 546 1858 legem
585 1805 720 1846 enim
755 1805 999 1859 cognitio
1035 1803 1286 1859 peccati?

367 1870 442 1912 IX.
478 1871 538 1913 15.
583 1871 661 1912 Hic
684 1870 790 1912 forte
811 1870 923 1912 dicat
946 1871 1129 1912 humana
1149 1869 1219 1912 ina
1241 1869 1522 1924 praesumptio
1544 1869 1736 1923 ignorans
1758 1868 1823 1910 dei

256 1935 460 1978 iustitiam
479 1941 518 1978 et
535 1950 652 1978 suam
670 1935 811 1978 uolens
828 1935 1077 1977 constituere
1093 1935 1241 1977 merito
1258 1935 1409 1976 dixisse
1426 1933 1679 1989 apostolum:
1706 1933 1823 1988 quia

253 2015 312 2043 ex
349 2002 451 2056 lege
487 2015 628 2044 nemo
663 2001 1058 2049 iustificabitur;
1088 2001 1270 2042 ostendit
1298 2001 1407 2042 enim
1435 1999 1729 2042 tantummodo
1756 1999 1821 2040 lex
1850 2011 1889 2040 25

251 2067 351 2122 quid
366 2067 601 2109 faciendum
617 2067 769 2121 quidue
785 2067 1016 2109 cauendum
1031 2067 1098 2114 sit,
1114 2072 1159 2108 ut
1176 2066 1287 2121 quod
1302 2065 1371 2108 illa
1386 2066 1612 2108 ostenderit
1628 2064 1821 2107 uoluntas

251 2133 421 2187 impleat
456 2146 502 2175 ac
537 2134 592 2175 sic
627 2134 749 2175 homo
778 2132 1027 2175 iustificetur
1050 2146 1132 2173 non
1158 2145 1229 2187 per
1253 2131 1351 2186 legis
1375 2131 1607 2186 imperium,
1643 2130 1714 2172 sed
1750 2143 1821 2185 per

339 2276 359 2309 5
378 2276 431 2309 Ps.
448 2276 503 2316 33,
521 2276 542 2309 3
633 2275 654 2309 6
671 2275 725 2310 Ps.
744 2276 797 2316 21,
815 2275 856 2309 26
948 2276 968 2308 8
988 2273 1166 2318 Pelagiani
1271 2274 1320 2308 10.
1342 2274 1381 2308 18
1402 2274 1502 2308 Rom.
1523 2274 1555 2312 3.
1579 2273 1622 2307 20
1715 2273 1755 2326 12
1773 2271 1816 2306 cf.

251 2334 353 2369 Prou.
375 2335 428 2375 24,
452 2335 494 2369 12
625 2334 667 2369 16
685 2333 728 2369 cf.
749 2334 832 2368 Leu.
854 2334 907 2374 12,
927 2334 948 2368 3
1081 2334 1122 2368 19
1142 2334 1242 2368 Rom.
1265 2334 1297 2375 7,
1317 2333 1336 2367 7
1466 2332 1509 2367 23
1529 2330 1573 2366 cf.
1597 2331 1697 2366 Rom.
1722 2332 1775 2372 10,
1795 2332 1816 2365 3

255 2394 297 2428 24
317 2393 420 2428 Rom.
445 2394 478 2435 3,
505 2393 547 2428 20

341 2490 356 2523 1
377 2488 511 2533 autem]
528 2492 566 2522 ta
581 2499 622 2522 ex
638 2492 677 2523 tii
697 2488 782 2522 Tm?
893 2488 938 2523 ab
949 2498 1012 2523 om.
1025 2487 1044 2521 b
1066 2531 1074 2534 -
1147 2485 1450 2532 concupiscentiae
1462 2486 1496 2521 K
1600 2487 1620 2521 2
1635 2484 1692 2531 tit]
1704 2483 1818 2520 fuitK

249 2547 424 2593 minante]
439 2551 604 2582 monente
615 2547 633 2581 b
706 2547 728 2581 3
740 2550 888 2582 sonante
899 2547 935 2581 K
1019 2548 1040 2582 4
1054 2539 1133 2591 {tat
1142 2546 1226 2581 Om1
1296 2545 1461 2581 laudatur
1471 2545 1489 2579 b
1556 2546 1577 2580 5
1591 2544 1727 2580 dictum
1736 2544 1816 2579 esth

251 2606 323 2652 cui]
334 2617 414 2642 cum
429 2607 458 2641 T
526 2608 547 2641 8
564 2610 599 2641 et
613 2618 676 2641 om.
686 2607 715 2641 0
784 2606 805 2640 9
818 2605 989 2641 intuitum
1004 2606 1035 2640 T
1105 2606 1147 2641 13
1162 2604 1243 2640 uide
1254 2605 1289 2640 K
1358 2603 1444 2640 illud
1455 2604 1548 2640 Km?
1618 2605 1659 2640 14
1671 2602 1727 2649 ac]
1742 2614 1786 2638 an
1799 2603 1817 2638 b

249 2675 314 2709 nec
325 2667 359 2702 K
423 2677 465 2701 ne
481 2666 670 2711 quisquam
681 2676 724 2700 ex
738 2664 990 2710 nequissimam
1002 2666 1084 2700 Lml
1101 2675 1325 2710 nequaquam
1335 2664 1354 2699 b
1421 2664 1488 2699 hoc
1497 2664 1517 2699 b
1578 2663 1620 2699 15
1634 2662 1744 2708 calex
1753 2662 1818 2698 GT

252 2726 293 2761 16
307 2725 421 2770 figura
432 2726 516 2761 Om1
617 2727 671 2759 est
680 2735 708 2760 s.
720 2736 787 2759 rae.
798 2724 854 2759 m2
862 2724 891 2759 0
993 2725 1034 2759 17
1045 2724 1172 2759 octabo
1185 2724 1214 2759 C
1306 2722 1443 2769 paruoli
1453 2722 1593 2758 Lasos-⁸1
1614 2720 1774 2768 paruulis
1787 2721 1817 2756 T

250 2786 292 2820 18
308 2784 439 2819 diceret
450 2785 468 2818 b
596 2786 634 2819 21
653 2783 871 2829 concupiscis
880 2783 908 2818 S
921 2782 1171 2829 concupiscens
1182 2783 1211 2818 C
1345 2781 1454 2828 quide
1463 2781 1555 2817 Km1
1701 2780 1745 2817 23
1757 2779 1818 2816 illa

251 2843 406 2879 humana
416 2844 439 2878 d
558 2844 601 2879 24
616 2842 797 2878 iustiamo
885 2843 927 2878 25
943 2853 987 2877 ex
999 2854 1064 2878 om.
1075 2843 1105 2878 G
1184 2842 1227 2878 26
1238 2840 1432 2878 ostenditis*
1509 2841 1551 2876 27
1566 2838 1815 2876 iustificaturO

248 2901 553 2938 non—arbitrium
562 2913 626 2938 om.
637 2902 675 2937 ab
