2028 3204
229 193 306 235 332
671 202 727 237 IV.
760 202 811 237 De
844 205 973 237 natura
1003 204 1040 237 et
1071 200 1199 247 origine
1228 199 1366 237 animae

225 329 405 371 mulieris
432 342 514 371 non
554 342 639 370 esse
681 327 732 369 de
774 327 914 370 anima
945 327 1036 379 uiri,
1081 327 1179 382 quia
1209 338 1294 369 non
1326 331 1389 368 est
1421 326 1599 368 dictum:
1644 325 1797 369 ‘anima

225 394 275 437 de
308 395 448 437 anima
478 395 599 445 mea‘,
636 393 727 435 sed:
771 407 910 435 caro
942 392 1008 434 de
1049 405 1231 434 carne
1262 405 1407 442 mea,
1442 390 1797 447 quemadmodum

225 464 574 515 argumentantur
605 458 928 514 Apollinaristae
970 458 1035 500 uel
1076 458 1327 513 quicumque
1368 463 1466 499 sunt
1498 456 1569 499 alii
1599 456 1797 500 aduersus

226 525 410 567 animam
443 525 613 574 domini,
649 538 776 580 quam
806 528 1030 579 propterea
1061 528 1229 578 negant,
1273 522 1372 578 quia
1402 523 1604 578 scriptum
1636 521 1797 576 legunt:

227 591 475 633 uerbum
509 604 647 632 caro
687 589 923 632 factum
954 594 1058 631 est.
1091 589 1138 630 ‘si
1169 589 1279 630 enim
1310 592 1353 631 et
1386 587 1552 638 anima‘,
1586 587 1796 641 inquiunt,
1825 596 1842 629 5

229 656 299 698 ‘ibi
334 661 453 707 esset,
490 655 636 698 debuit
670 655 770 697 dici:
813 654 988 697 uerbum
1009 656 1131 697 homo
1153 653 1314 696 factum
1347 654 1437 696 est‘.
1480 652 1553 695 sed
1584 651 1674 695 istis
1705 664 1798 707 pro·

227 727 370 778 pterea
401 721 554 763 dicitur
588 721 722 764 carnis
757 720 923 763 nomine
962 719 1091 762 solere
1134 719 1385 775 scripturam
1418 723 1557 760 totum
1589 718 1799 760 hominem

228 801 467 842 nuncupare
500 812 550 817 —
591 786 712 829 sicuti
754 791 836 829 est:
879 790 935 828 et
968 783 1217 828 uidebit
1251 784 1441 827 omnis
1474 796 1613 826 caro
1646 782 1799 825 salu-

227 858 320 895 tar
338 867 359 895 e
391 854 417 895 d
435 866 456 894 e
474 852 505 902 i;
540 866 622 896 non
655 852 765 894 enim
791 865 885 893 caro
918 850 1005 893 sine
1037 851 1180 893 anima
1209 850 1350 892 uidere
1383 850 1542 904 aliquid
1567 854 1707 903 potest
1732 873 1796 900 —,

228 919 326 973 quia
372 918 560 972 plurimis
608 918 699 960 aliis
753 920 993 960 sanctarum
1040 915 1339 972 scripturarum
1386 915 1485 957 locis
1539 928 1624 958 non
1669 914 1800 957 solam
1830 926 1869 955 io

226 997 405 1032 carnem,
456 997 601 1026 uerum
649 982 777 1025 etiam
825 982 1009 1025 animam
1055 984 1294 1033 humanam,
1344 982 1384 1023 id
1428 986 1491 1023 est
1536 979 1798 1030 rationalem,

228 1050 357 1092 inesse
391 1049 548 1092 homini
580 1048 742 1091 Christo
775 1047 860 1090 sine
894 1048 978 1091 ulla
1010 1047 1284 1102 ambiguitate
1316 1050 1587 1090 monstratur.
1622 1047 1731 1087 unde
1758 1051 1798 1087 et

229 1116 309 1167 isti,
353 1128 377 1156 a
411 1115 561 1170 quibus
593 1114 827 1157 animarum
859 1126 1041 1169 propago
1074 1112 1324 1164 defenditur,
1358 1117 1529 1167 possent
1560 1110 1744 1166 accipere
1776 1123 1800 1151 a

227 1186 347 1236 parte
386 1186 524 1224 totum
556 1193 642 1222 esse
674 1180 856 1223 dictum:
901 1193 957 1222 os
1000 1180 1066 1222 de
1108 1178 1356 1221 ossibus
1390 1177 1536 1220 meis
1573 1181 1628 1220 et
1660 1190 1801 1218 earo

228 1247 295 1289 de
337 1261 518 1289 carne
564 1260 707 1298 mea,
758 1250 805 1287 ut
853 1243 935 1287 illic
980 1243 1289 1299 intellegeretur
1330 1248 1371 1285 et
1413 1243 1566 1294 anima,
1602 1242 1798 1298 quemad·
1828 1253 1868 1282 15

228 1313 399 1354 modum
448 1311 621 1353 uerbum
670 1324 834 1353 carnem
882 1311 1041 1353 facturn
1074 1323 1158 1353 non
1190 1309 1276 1352 sine
1309 1309 1450 1351 anima
1481 1307 1719 1363 accipimus,
1753 1306 1800 1358 si,

228 1378 583 1433 quemadmodum
617 1377 698 1418 alia
730 1375 975 1419 testimonia
999 1377 1152 1418 docent
1179 1375 1329 1418 habere
1360 1376 1585 1417 humanam
1619 1372 1802 1416 animam

229 1443 454 1494 Christum,
497 1443 559 1484 ita
601 1448 642 1484 et
674 1442 745 1484 isti
776 1441 984 1496 aliquibus
1016 1455 1101 1484 non
1133 1439 1337 1496 ambiguis
1370 1439 1621 1483 testimoniis
1652 1451 1801 1494 propa-

227 1510 365 1564 ginem
397 1513 630 1554 astruerent
663 1507 909 1551 animarum.
954 1507 1043 1561 pari
1077 1506 1166 1549 uice
1196 1506 1323 1562 igitur
1355 1518 1639 1548 ammonemus
1674 1504 1802 1547 etiam

228 1576 315 1626 hos,
352 1574 421 1629 qui
454 1575 687 1617 animarum
720 1574 990 1629 propaginem
1023 1573 1257 1622 destruunt,
1304 1576 1349 1613 ut
1382 1584 1512 1614 nouas
1546 1584 1570 1612 a
1601 1572 1678 1614 deo
1716 1569 1800 1611 suf·
1827 1581 1870 1610 κο

229 1640 320 1683 flari
354 1641 513 1682 animas
547 1640 670 1682 certis
702 1639 964 1682 documentis
997 1642 1185 1680 asserant
1217 1643 1260 1679 et
1291 1642 1392 1679 tunc
1426 1636 1540 1687 illud,
1575 1635 1687 1689 quod
1718 1634 1802 1676 dic-

229 1712 320 1748 tum
347 1710 428 1747 cst:
465 1719 522 1747 os
554 1718 619 1746 ex
651 1705 898 1746 ossibus
932 1703 1076 1745 meis
1110 1708 1161 1745 et
1194 1716 1332 1746 caro
1365 1702 1424 1743 de
1455 1714 1635 1745 carne
1666 1713 1800 1752 mea,

228 1785 311 1814 non
346 1771 503 1826 tropice
536 1785 559 1812 a
589 1776 710 1825 parte
742 1775 895 1820 totum,
930 1773 978 1811 ut
1008 1768 1131 1811 simul
1162 1767 1428 1822 intellegatur
1461 1773 1503 1809 et
1535 1766 1686 1815 anima,
1730 1766 1801 1808 sed

229 1837 392 1892 proprie
425 1837 477 1879 de
510 1836 599 1878 sola
630 1849 750 1878 carne
781 1834 943 1878 dictum
974 1848 1060 1877 esse
1093 1834 1333 1876 defendant.

313 1903 433 1944 XIX.
465 1901 528 1944 32.
577 1902 691 1951 Quae
738 1915 832 1943 cum
870 1901 932 1942 ita
978 1900 1075 1951 sint,
1109 1899 1233 1942 uideo
1272 1899 1424 1941 librum
1451 1898 1578 1940 istum
1602 1897 1685 1939 iam
1717 1909 1803 1938 esse
1829 1907 1870 1937 25

228 1968 518 2011 claudendum.
555 1967 695 2010 omnia
727 1967 893 2022 quippe,
929 1979 1034 2021 quae
1071 1965 1172 2008 mihi
1215 1964 1397 2006 maxime
1428 1962 1659 2006 necessaria
1690 1961 1802 2004 uide-

230 2034 396 2085 bantur,
427 2032 626 2084 continet,
657 2032 806 2087 quibus
839 2032 882 2074 hi
916 2031 988 2087 qui
1019 2030 1193 2086 legerint
1226 2030 1359 2072 sciant
1391 2041 1537 2071 cauere
1569 2041 1611 2070 se
1637 2027 1797 2078 debere,

230 2113 280 2141 ne
304 2099 399 2142 huic
428 2098 597 2150 homini,
630 2098 745 2140 cuius
769 2098 872 2140 duos
898 2097 1025 2139 libros
1049 2096 1152 2138 mihi
1177 2095 1338 2146 misisti,
1364 2094 1405 2137 in
1423 2095 1501 2137 hoc
1525 2092 1800 2143 consentiant,

230 2171 279 2207 ut
298 2165 470 2206 credant
505 2163 677 2206 ‘animas
700 2163 756 2204 sic
789 2176 840 2205 ex
872 2162 937 2204 dei
969 2162 1076 2204 flatu
1110 2174 1210 2211 esse,
1244 2165 1292 2203 ut
1325 2172 1407 2202 non
1439 2159 1524 2201 sint
1555 2171 1607 2201 ex
1644 2157 1800 2200 nihilo‘.

230 2229 309 2272 hoc
342 2230 452 2271 enim
485 2229 556 2284 qui
589 2228 732 2276 credit.
777 2228 854 2270 etsi
886 2227 1022 2270 uerbis
1054 2231 1190 2282 neget,
1237 2239 1280 2268 re
1325 2225 1416 2281 ipsa
1447 2225 1602 2267 clamat
1643 2223 1803 2266 animas
1830 2233 1872 2263 3⁰

323 2367 344 2402 3
363 2366 406 2402 cf.
425 2366 573 2411 August.
592 2365 644 2399 De
660 2364 860 2400 haeresibus
879 2374 909 2400 c.
927 2364 971 2399 55
986 2363 1109 2409 (XLII
1123 2363 1168 2399 40
1184 2363 1234 2407 Μ)
1337 2363 1358 2397 5
1376 2361 1451 2397 Ιοὶι.
1471 2363 1502 2403 1,
1519 2362 1561 2396 14
1667 2361 1687 2395 8
1704 2359 1800 2395 Esai.

232 2426 288 2467 40,
303 2427 335 2461 5.
358 2426 440 2461 Luc.
457 2427 490 2467 3,
507 2426 528 2460 6
620 2426 671 2459 14.
692 2425 734 2459 22
751 2424 837 2459 Gen.
855 2425 887 2465 2,
908 2425 950 2459 23
1043 2423 1085 2458 29
1101 2422 1197 2458 Vinc.
1218 2421 1338 2458 Victor

321 2517 344 2550 3
359 2512 600 2561 apollinariste
610 2513 654 2548 M
701 2512 760 2547 alii
772 2513 802 2547 E
813 2513 880 2556 (pr.
893 2512 904 2546 i
918 2523 960 2547 ex
971 2512 997 2556 l)
1052 2511 1074 2546 5
1087 2511 1298 2546 si—factum
1309 2513 1363 2545 est
1376 2521 1441 2546 om.
1453 2509 1482 2544 G
1535 2510 1555 2544 7
1571 2507 1746 2553 script-ura
1757 2507 1797 2541 J!

233 2574 487 2620 8nunccupare
499 2574 532 2608 A
554 2571 748 2618 significare
765 2572 796 2606 E
853 2571 923 2617 est]
939 2570 1024 2606 ibid
1081 2572 1101 2607 9
1118 2569 1254 2616 aliquid
1270 2569 1389 2605 uidere
1402 2568 1456 2604 Ed
1502 2568 1545 2604 10
1554 2566 1723 2615 plurimas
1738 2565 1799 2602 alii

231 2633 486 2680 seripturarum
500 2624 640 2667 siarum
650 2632 693 2666 M
753 2630 869 2666 solum
882 2628 1115 2666 ABGEFde
1160 2631 1203 2666 13
1212 2631 1363 2676 possunt
1372 2628 1424 2663 1131»
1470 2629 1510 2663 15
1521 2626 1739 2673 intelligatur
1747 2625 1800 2661 ΕΙ)

236 2695 277 2729 17
289 2704 420 2729 umana
435 2692 593 2728 manima
607 2694 656 2727 na
671 2681 757 2736 xpm
768 2692 799 2726 A
857 2690 900 2726 19
913 2693 1068 2726 astruere
1080 2690 1113 2724 E
1166 2689 1245 2735 pari
1259 2687 1350 2734 uice]
1365 2690 1495 2734 parant
1506 2687 1538 2722 Ε
1591 2685 1701 2732 igitur
1710 2685 1800 2722 emb

235 2754 278 2789 20
290 2752 466 2788 insufflari
480 2753 510 2787 Ε
599 2752 644 2787 22
659 2750 820 2786 hossibus
831 2750 861 2786 G
935 2749 978 2785 25
992 2747 1080 2795 iam]
1093 2748 1187 2784 taM
1276 2748 1317 2784 2¹7
1333 2746 1510 2793 leguntM
1589 2756 1628 2781 se
1641 2754 1764 2781 cauere
1775 2744 1798 2779 d

234 2812 278 2848 28
292 2823 355 2849 nec
367 2812 444 2847 DM
518 2811 561 2846 29
574 2810 667 2860 flatu
684 2809 739 2845 dei
751 2809 775 2844 d
847 2808 933 2855 non]
947 2819 1010 2844 nos
1025 2809 1058 2844 A
1131 2808 1176 2844 30
1189 2805 1341 2843 credidit
1351 2806 1371 2842 b
1443 2815 1498 2841 res
1513 2805 1557 2841 M
