2028 3204
753 237 841 273 liber
872 237 887 272 I
920 237 952 279 9,
986 238 1134 278 11—11‚
1168 237 1210 272 13
1694 225 1778 266 313

292 363 368 406 ΧΙ.
406 365 466 406 13.
526 363 606 405 Sed
649 362 813 405 etiamsi
855 363 933 405 hoe
974 362 1043 404 isti
1089 362 1356 411 concedatur,
1403 361 1513 417 quod
1548 361 1666 403 salua
1697 360 1782 402 fide

204 429 409 472 catbolica
454 434 495 470 et
547 428 826 471 ecclesiastica
871 428 1013 483 regula
1074 428 1187 470 nulla
1248 427 1411 470 ratione
1444 427 1699 472 conceditur,
1735 432 1782 469 ut

204 508 277 550 pro
309 508 392 538 non
425 494 650 550 baptizatis
683 494 904 538 cuiuslibet
935 493 1086 537 aetatis
1129 493 1367 536 horninibus
1414 493 1617 536 offeratur
1661 492 1784 535 sacri-

205 560 346 603 ficium
393 560 575 616 corporis
623 566 665 603 ct
712 560 924 616 sanguinis
970 560 1140 608 Christi,
1190 565 1407 614 tamquam
1442 573 1514 615 per
1547 558 1784 601 huiusmodi

159 658 166 667 .
206 627 404 682 pietatem
439 640 607 669 suorum
637 626 689 668 ad
718 640 890 682 regnum
915 626 1121 668 caelorum
1144 640 1225 680 quo
1249 625 1495 680 perueniant
1517 625 1783 671 adiuuentur,

206 692 304 748 quid
337 706 608 747 responsurus
645 698 707 734 est
738 693 790 734 de
822 697 887 734 tot
920 692 1085 734 milibus
1120 691 1342 737 infantum,
1379 691 1448 746 qui
1479 696 1706 733 nascuntur
1732 703 1782 732 ex

208 758 344 814 impiis
392 772 465 799 nec
514 758 552 799 in
602 771 749 800 manus
796 758 959 813 piorum
1006 758 1147 813 aliqua
1197 758 1260 799 uel
1308 757 1451 799 diuina
1495 757 1559 799 uel
1601 757 1787 799 humana

210 824 472 867 miseratione
505 824 754 879 perueniunt
787 829 829 866 et
871 824 922 866 (le
964 823 1044 866 ista
1089 823 1178 865 uita
1211 824 1249 864 in
1287 823 1355 865 illa
1388 823 1613 865 tenerrima
1646 827 1786 865 aetate

207 890 293 932 sine.
318 890 483 932 lauacro
510 890 830 945 regenerationis
858 889 1114 932 abscedunt?
1144 889 1270 935 dieat,
1299 890 1329 930 si
1359 895 1511 944 potest,
1542 889 1652 930 unde
1680 888 1785 930 istae

211 956 374 998 animae
407 955 464 997 sic
496 956 746 1011 peccatrices
779 955 869 997 fieri
902 960 1155 1005 meruerunt,
1195 961 1241 997 ut
1274 970 1298 997 a
1330 960 1503 1010 peccato
1540 955 1687 996 saltem
1714 968 1789 995 nec

213 1027 357 1076 postea
388 1021 626 1064 liberentur.
679 1021 712 1062 si
743 1021 853 1063 enim
889 1035 1097 1077 quaeram,
1144 1035 1269 1077 quare
1312 1021 1503 1063 damnari
1536 1025 1787 1066 mercantur.

209 1087 242 1129 si
274 1101 357 1130 non
390 1087 670 1143 baptizantur,
721 1093 831 1129 reete
874 1087 976 1129 mihi
1022 1087 1317 1143 respondetur:
1364 1087 1545 1142 ‘propter
1593 1086 1789 1142 originale

210 1154 465 1209 peceatum‘;
500 1153 600 1195 item
631 1153 665 1194 si
697 1166 907 1208 quaeram,
942 1153 1053 1195 unde
1086 1153 1291 1195 traxerint
1326 1153 1522 1203 originale
1554 1158 1788 1208 peccatum,

212 1220 288 1261 iste
320 1219 606 1275 respondebit:
646 1220 708 1261 ‘ex
742 1233 863 1261 earne
898 1219 1042 1274 ntique
1075 1219 1332 1275 peccatriee‘.
1384 1219 1417 1260 si
1450 1233 1544 1273 ergo
1579 1232 1790 1274 quaeram,

166 1298 177 1323 5
214 1286 321 1328 unde
353 1285 544 1327 damnari
576 1285 803 1327 meruerint
836 1285 877 1327 in
906 1285 1179 1340 peccatricem
1213 1298 1391 1333 carnem,
1421 1298 1527 1339 quae
1558 1284 1660 1326 nibil
1693 1283 1789 1325 mali

215 1352 396 1393 fecerant
415 1357 511 1393 ante
529 1364 694 1393 carnem
711 1376 758 1381 —
780 1351 845 1392 hie
864 1351 1051 1393 inueniat
1070 1351 1167 1406 quid
1187 1351 1436 1406 respondeat
1455 1377 1518 1399 —,
1539 1356 1579 1392 et
1602 1350 1659 1392 sie
1676 1350 1792 1392 dam-

215 1417 302 1459 nari
322 1417 374 1459 ad
397 1417 625 1459 alienorum
643 1422 907 1472 peccatorum
928 1417 1145 1459 subeunda
1171 1417 1376 1472 contagia,
1400 1422 1446 1458 ut
1475 1430 1548 1458 nee
1583 1416 1793 1471 baptisma

216 1488 424 1535 regeneret
466 1482 572 1525 male
612 1488 830 1538 generatos
864 1497 937 1524 nee
994 1483 1198 1525 sacrificia
1245 1482 1415 1537 expient
1464 1482 1704 1537 inquinatos
1737 1508 1795 1512 ——

216 1549 272 1590 ibi
305 1549 412 1590 enirn
455 1554 497 1590 et
539 1549 590 1590 de
634 1548 787 1590 talibus
830 1548 872 1590 hi
914 1549 1077 1603 paruuli
1119 1549 1207 1591 nati
1240 1553 1338 1590 sunt
1371 1548 1456 1590 siue
1490 1548 1629 1590 adhue
1662 1562 1795 1603 usque

218 1620 458 1661 nascuntur,
494 1620 541 1655 nt
565 1615 621 1656 cis
647 1614 759 1656 nullo
781 1614 854 1656 tali
878 1614 1010 1670 possit
1038 1614 1244 1657 adiutorio
1270 1613 1481 1656 subueniri
1505 1640 1568 1658 —.
1599 1614 1664 1655 hic
1686 1619 1795 1655 certe

218 1680 349 1722 omnis
382 1680 691 1735 argumentatio
724 1680 880 1722 deficit.
937 1694 1019 1722 non
1053 1681 1162 1722 enim
1197 1680 1445 1735 quaerimus,
1490 1680 1600 1722 unde
1633 1680 1796 1721 animae.

216 1746 405 1788 damnari
468 1746 694 1788 meruerint
754 1752 847 1801 post
908 1747 1041 1788 earnis
1105 1746 1359 1788 consortium
1423 1746 1679 1802 peccatricis,
1723 1746 1794 1786 scd

219 1812 468 1867 quaerimus,
520 1812 626 1854 unde
690 1812 854 1854 animae
917 1812 1107 1854 damnari
1158 1812 1386 1854 meruerint
1434 1813 1486 1854 ad
1534 1812 1799 1854 subeundum

219 1877 353 1920 carnis
401 1877 653 1920 consortium
697 1877 938 1933 peccatricis
980 1878 1140 1920 nullum
1186 1883 1404 1934 peecatum
1448 1877 1648 1920 habentes
1698 1882 1796 1919 ante

150 1955 186 1985 ι·
219 1943 352 1986 carnis
385 1943 643 1986 consortium
675 1943 929 1999 peccatricis
970 1957 1052 1986 non
1087 1948 1162 1994 est,
1195 1949 1242 1986 ut
1274 1944 1457 1985 dicatur:
1506 1944 1619 1985 ‘nibil
1651 1943 1708 1984 eis
1742 1944 1801 1984 of-

222 2009 301 2051 fuit
365 2008 486 2050 alicni
543 2009 703 2063 peceati
738 2009 946 2065 paulisper
985 2009 1293 2052 communicata
1326 2009 1533 2063 contagio,
1569 2009 1719 2064 quibus
1760 2008 1799 2049 in

222 2074 287 2116 dei
319 2074 594 2129 praescientia
642 2075 779 2116 fuerat
832 2079 980 2129 parata
1012 2075 1271 2131 redemptio‘.
1330 2075 1381 2116 de
1432 2075 1493 2116 his
1536 2075 1645 2117 enim
1688 2087 1798 2116 nune-

225 2140 443 2195 loquimur,
466 2140 616 2195 quibus
635 2145 733 2182 ante
752 2140 1009 2195 baptismum
1031 2141 1082 2182 de
1106 2154 1276 2195 corpore
1299 2141 1549 2183 excuntibus
1566 2140 1799 2196 redemptio

223 2205 337 2248 nulla
367 2205 583 2248 succurrit.
627 2219 710 2248 non
755 2211 831 2255 est,
878 2211 924 2249 ut
969 2206 1152 2249 dicatur:
1205 2208 1298 2255 ‘cas
1335 2220 1438 2261 quas
1472 2207 1683 2262 baptisma
1716 2220 1798 2248 non

156 2284 161 2297 ³
225 2271 370 2322 abluit,
419 2271 622 2314 sacrificia
670 2285 744 2327 pro
792 2272 847 2313 eis
896 2272 1039 2314 crebra
1087 2272 1370 2323 mundabunt,
1414 2273 1525 2328 quod
1568 2272 1801 2328 praesciens

316 2403 360 2438 25
386 2402 484 2438 Vinc,
511 2402 631 2437 Victor
709 2404 752 2438 29
774 2402 874 2438 Vinc.
900 2402 1021 2438 Victor
1097 2403 1140 2438 30
1159 2402 1204 2438 cf.
1219 2413 1300 2449 pag.
1315 2404 1391 2438 310.
1412 2404 1455 2438 29
1469 2415 1520 2449 sq.

322 2499 335 2532 l
354 2497 423 2533 ista
435 2497 464 2533 C
540 2500 561 2533 2
577 2499 792 2533 concedatur
804 2499 846 2533 M
920 2498 941 2533 5
955 2497 1090 2545 pietate
1105 2499 1137 2534 A
1207 2498 1419 2545 perueniunt
1431 2500 1461 2534 F
1528 2500 1549 2534 6
1565 2498 1756 2534 infantium
1772 2497 1803 2531 B

227 2559 246 2592 7
260 2557 422 2593 manibus
442 2556 501 2592 BG
560 2558 582 2593 9
597 2557 665 2594 iste
679 2557 708 2593 C
774 2558 816 2594 10
829 2561 1034 2593 metuerunt
1045 2560 1076 2594 Α
1136 2558 1256 2594 saltim
1267 2558 1420 2594 AEle
1486 2559 1527 2593 12
1544 2557 1767 2604 responditur
1777 2558 1805 2591 G

234 2618 272 2653 14
283 2627 420 2653 censum
437 2618 613 2653 uerborum
630 2618 659 2653 si
674 2629 758 2663 crgo
776 2646 783 2653 .
804 2645 810 2652 .
829 2646 836 2653 .
853 2617 988 2660 deficit,
1013 2629 1099 2663 quae
1121 2629 1227 2664 usque
1251 2618 1362 2654 adhuc
1388 2618 1461 2653 sine
1485 2629 1520 2652 se
1529 2629 1589 2652 <asu
1608 2618 1799 2657 edebantur,

231 2678 317 2712 reda
343 2677 616 2722 interpunctione
642 2677 858 2724 Enqelbroeht
880 2677 1065 2714 extricauit
1142 2680 1182 2714 15
1209 2678 1441 2724 peccatricem
1466 2688 1572 2713 earne
1594 2678 1623 2712 F
1698 2675 1760 2722 qui
1783 2677 1801 2710 b

234 2736 275 2772 17
289 2736 474 2772 subeunde
485 2737 525 2772 M
583 2738 626 2773 19
639 2736 688 2772 hii
702 2736 799 2773 ΑΘΕ
813 2736 910 2774 kri-B
961 2738 1005 2774 20
1019 2738 1169 2773 subueni
1183 2739 1212 2774 G
1267 2737 1375 2784 certe]
1388 2748 1469 2783 ergo
1481 2737 1510 2773 0
1565 2738 1605 2772 21
1624 2735 1754 2772 defecit
1768 2736 1802 2771 A

233 2796 278 2832 22
291 2795 603 2844 sod—peccatricis
621 2809 686 2833 om.
706 2796 766 2832 BG
841 2796 886 2833 25
907 2797 1095 2844 peccatrici
1117 2799 1144 2833 A
1174 2797 1381 2844 peccatricis
1398 2797 1439 2832 M
1456 2796 1533 2842 (icis
1557 2807 1584 2831 s.
1605 2796 1644 2842 1.)
1716 2795 1747 2831 ci
1762 2796 1803 2831 M

235 2854 278 2891 ὅ
291 2855 467 2892 οῠωιιιιίο.
485 2855 542 2893 Ita
552 2857 596 2893 M
669 2857 713 2893 27
729 2866 826 2892 nunc
837 2867 903 2893 om.
916 2858 950 2892 Α
