2028 3204
749 226 826 262 cap.
858 216 915 257 64,
939 213 1084 256 ἰτ-67,
1117 215 1162 250 so
1654 202 1737 246 293

167 343 357 388 liberi
397 342 662 386 arbitrii
701 355 806 385 nos
847 339 1139 384 condidit
1180 341 1340 389 douS,
1383 353 1488 382 uec
1529 340 1596 382 ad
1641 338 1752 382 uir·

166 416 363 454 tutem
429 422 535 452 nec
599 409 666 451 ad
733 407 898 450 uitia
961 405 1358 450 necessitate
1423 405 1752 448 trahimur:

166 475 453 531 alioquin
504 474 605 517 ubi
653 473 1025 521 necessitas,
1075 485 1180 514 nec
1229 485 1455 514 corona
1504 477 1610 521 est,
1661 470 1753 526 quis

167 555 249 585 non
274 546 488 597 agnoscat,
522 540 614 595 quis
646 553 729 582 non
762 544 854 581 toto
887 539 1010 581 corde
1037 537 1250 593 suscipiat,
1277 537 1369 592 quis
1393 536 1516 579 aliter
1539 536 1752 579 conditam

123 621 139 648 5
170 608 399 650 humanam
426 612 549 661 neget
576 619 663 648 esse
689 604 918 648 naturam?
947 605 1018 646 sed
1047 604 1087 646 in
1116 609 1226 646 recte
1255 603 1445 646 faciendo
1472 603 1564 645 ideo
1592 602 1753 645 nullum

168 679 232 715 est
260 672 475 715 uinculum
505 670 778 721 necessitatis,
810 670 907 726 quia
938 670 1109 712 libertas
1138 675 1202 712 est
1230 669 1432 711 caritatis,

276 737 428 781 LXVI.
457 738 519 780 79.
562 737 666 779 Redi
691 750 787 792 ergo
810 737 862 779 ad
893 735 1167 792 apostolicam
1196 735 1470 777 sententiam:
1515 748 1535 776 e
1553 748 1577 777 a
1597 748 1615 775 r
1632 734 1643 775 i
1662 740 1678 776 t
1696 748 1720 776 a
1738 749 1755 774 s

167 803 265 846 (lei
304 803 551 847 diffusa
590 802 778 845 estin
820 801 1118 845 cordibus
1158 800 1399 844 nostris
1439 814 1543 856 per
1580 799 1757 855 spiri-

171 877 292 912 tum
342 874 626 912 sanctum
676 868 777 924 qui
840 869 1024 910 datus
1089 873 1182 909 est
1245 866 1436 910 nobis.
1487 880 1511 908 a
1547 879 1643 922 qu0‚
1679 865 1757 908 nisi

30 987 32 990 Υ
102 948 142 977 ιο
170 935 223 978 ab
267 935 335 977 illo
379 934 480 990 qui
523 933 817 977 ascendit
860 933 916 976 iu
960 934 1167 983 altum,
1212 931 1586 988 captiuauit
1630 945 1757 987 cap·

30 1000 34 1054 f
171 1000 520 1050 tiuitatem,
561 1000 738 1043 dedit
775 1001 932 1042 dona
970 998 1359 1042 hominibus?
1390 999 1500 1054 quod
1531 1004 1673 1040 autem
1707 1011 1758 1039 ex

170 1066 282 1109 uitiis
322 1072 510 1116 naturae,
551 1080 635 1109 non
674 1079 726 1107 ex
757 1065 995 1108 conditione
1029 1070 1205 1107 naturae
1233 1064 1288 1106 sit
1317 1065 1525 1120 quaedam
1556 1063 1756 1119 peccandi

172 1131 409 1182 necessitas,
439 1131 585 1174 audiat
612 1132 752 1182 homo,
782 1136 910 1187 atque
939 1136 987 1174 ut
1016 1131 1162 1173 eadem
1194 1130 1417 1172 necessitas
1441 1144 1523 1172 non
1548 1129 1601 1171 sit
1624 1129 1757 1171 discat

173 1199 251 1240 deo
285 1197 439 1239 dicere:
474 1198 540 1239 de
569 1197 1081 1240 necessitatibus
1115 1196 1259 1238 meis
1288 1197 1437 1238 educ
1466 1210 1559 1247 me,
1591 1195 1689 1251 quia
1717 1201 1758 1237 et

103 1275 142 1304 15
172 1263 211 1306 in
240 1263 479 1306 huiusmodi
509 1263 695 1305 oratione
718 1268 930 1305 certamen
955 1267 1019 1305 est
1041 1263 1242 1305 aduersus
1265 1267 1565 1317 temptatorem
1588 1263 1639 1303 (le
1668 1261 1756 1316 ipsa

171 1334 317 1371 contra
354 1343 428 1371 nos
464 1328 713 1371 necessitate
755 1334 1027 1384 pugnantem.
1061 1342 1110 1370 ac
1143 1341 1216 1383 per
1246 1328 1324 1370 hoc
1357 1327 1592 1383 opitulante
1624 1327 1759 1383 gratia

168 1408 240 1450 per
288 1394 506 1437 dominum
554 1399 746 1437 nostrum
798 1393 935 1436 Iesum
989 1394 1200 1436 (hristum
1265 1399 1308 1436 et
1368 1394 1479 1436 mala-
1536 1392 1760 1435 necessitas

174 1459 456 1503 remouebitur
483 1465 525 1502 et
554 1459 724 1503 libertas
753 1460 876 1515 plena
904 1459 1125 1503 tribuetur.

280 1525 455 1568 LXVII.
474 1526 538 1568 80.
558 1525 783 1568 Veniamus
801 1525 855 1568 ad
872 1539 961 1568 nos.
980 1526 1086 1575 item,
1105 1524 1256 1581 inquit,
1275 1526 1532 1580 Auqustmus
1549 1525 1761 1579 episeopus

103 1604 145 1634 zo
172 1592 219 1633 in
251 1589 366 1634 libris
398 1591 460 1633 De
485 1591 605 1633 libero
637 1591 826 1634 arbitrio:
860 1605 1267 1646 quaecumque
1300 1592 1426 1633 ista
1459 1605 1644 1633 causa
1675 1595 1763 1632 est

173 1657 490 1708 uoluntatis,
523 1657 715 1700 sinon
745 1662 949 1712 potest
987 1658 1041 1699 ei
1079 1657 1315 1705 resisti,
1349 1657 1483 1699 sine
1515 1661 1764 1711 peceato

173 1723 225 1764 ei
270 1722 551 1776 eeditur‚·
594 1724 647 1766 si
688 1727 882 1765 autem
923 1727 1137 1777 potest,
1179 1736 1295 1765 ‘non
1326 1723 1379 1764 ei
1411 1722 1677 1769 cedatur,
1711 1727 1763 1764 et

174 1802 285 1831 non
347 1789 719 1843 peccabitur.
798 1803 868 1832 an
929 1789 1087 1843 sorte
1163 1787 1345 1842 fallit
1420 1789 1766 1831 incautum?

62 1907 66 1914 Ι
175 1866 308 1909 erqo
364 1859 592 1905 emeat,
658 1867 724 1897 ne
792 1853 1079 1908 fallatur.
1148 1868 1219 1897 an
1272 1859 1445 1897 tanta
1491 1854 1763 1908 fallacia

42 1964 45 1965 γ
105 1931 146 1962 2⁵
175 1924 275 1967 est.
323 1925 383 1962 ut
434 1921 646 1963 caueri
678 1921 918 1963 omnino
964 1934 1078 1963 non
1118 1921 1352 1975 possit?
1404 1919 1582 1963 nulla
1631 1933 1765 1974 erqo

176 1990 429 2039 peccata
490 1991 641 2029 suunt.
706 1986 840 2040 quis
904 1986 1058 2028 enim
1119 1991 1328 2040 peccat
1389 1987 1451 2028 in
1504 2000 1563 2028 eo
1617 1985 1765 2040 quod

177 2052 393 2093 caueri
452 2052 628 2094 nullo
688 2051 853 2094 modo
914 2053 1148 2106 potest?
1198 2056 1485 2106 peccatur
1541 2056 1767 2104 autem,-

177 2117 390 2159 caueri
436 2117 640 2172 iqitur
688 2121 901 2172 potest.
956 2131 1149 2173 agnosco,
1201 2118 1330 2160 uerba
1387 2132 1480 2160 moa
1526 2123 1645 2167 sunt;
1693 2118 1762 2160 sed

176 2181 303 2225 etiam
352 2182 439 2238 ipse
486 2182 683 2238 dignetur
733 2196 954 2239 agnoscere
1010 2183 1198 2239 superius
1263 2189 1416 2226 cuncta
1485 2197 1591 2240 quae
1649 2183 1762 2226 dicta

270 2321 285 2354 1
307 2318 450 2355 Hieron.
468 2319 600 2355 Contra
617 2318 731 2355 louin.
752 2318 785 2354 11
802 2321 824 2355 3
839 2318 990 2366 (xxm
1007 2319 1071 2356 299
1087 2320 1139 2362 Μ)
1214 2322 1234 2356 7
1253 2319 1357 2356 Rom.
1373 2319 1406 2362 5,
1424 2321 1446 2356 5
1532 2321 1575 2357 10
1587 2319 1677 2366 Eph.
1696 2322 1762 2361 4,8

181 2378 222 2414 14
241 2377 297 2414 Ps.
315 2380 370 2420 24,
388 2379 427 2414 17
516 2380 556 2415 17
575 2379 619 2415 cf.
636 2380 740 2416 Rom.
761 2381 793 2421 7,
815 2378 858 2414 25
939 2380 984 2416 19
1002 2379 1163 2426 Pelagius
1239 2381 1283 2417 20
1304 2381 1349 2416 ci.
1370 2381 1519 2426 August.
1537 2379 1590 2415 De
1607 2380 1667 2416 lib.
1686 2380 1761 2416 arb.

184 2437 239 2473 111
258 2439 311 2479 18,
326 2438 371 2474 50
384 2437 552 2484 (XXXII
570 2439 656 2475 1295
672 2440 724 2482 M)
815 2440 859 2475 26
878 2439 923 2475 cf.
945 2439 1094 2487 August.
1119 2440 1278 2477 Retract.
1305 2440 1320 2475 I
1336 2441 1369 2482 8,
1385 2442 1406 2476 5
1423 2451 1503 2487 pag.
1526 2441 1565 2476 41
1590 2441 1622 2476 7.
1642 2441 1696 2481 43,
1718 2441 1760 2476 13

182 2497 235 2533 ed.
259 2497 387 2534 Knoell

274 2594 296 2629 5
314 2597 410 2629 recto
426 2594 512 2629 Dm1
521 2594 552 2629 B
637 2593 659 2629 6
677 2605 749 2641 qua
767 2594 854 2630 ΕΜ]
952 2594 1084 2631 caritas
1098 2595 1152 2631 Vb
1168 2595 1275 2632 critas
1291 2597 1379 2631 Em]
1474 2598 1514 2632 11
1531 2594 1635 2631 dedit
1647 2595 1764 2630 doma

182 2651 250 2696 (dit
259 2663 285 2688 s.
291 2652 330 2696 1.)
343 2653 374 2688 R
420 2654 464 2690 13
472 2653 574 2689 edem
583 2653 763 2690 leEml
826 2654 868 2691 15
878 2656 915 2699 935
926 2654 1095 2691 aduersus
1105 2656 1138 2691 E
1175 2659 1405 2692 temtatorem
1422 2656 1453 2690 P
1499 2655 1541 2691 16
1551 2654 1720 2690 necessita
1734 2654 1765 2689 B

108 2751 113 2762 ,Υ
185 2711 340 2758 ορίΙιιηω
354 2713 440 2750 Em]
512 2714 552 2750 17
566 2724 630 2760 per
647 2713 674 2750 Ι.
691 2714 771 2751 Chr.
791 2713 825 2750 d.
842 2725 879 2751 n.
893 2715 937 2751 bd
1005 2715 1048 2751 19
1061 2718 1100 2752 et
1113 2715 1161 2751 ad
1178 2726 1243 2752 nos
1256 2715 1276 2751 b
1335 2715 1521 2762 agustinus
1537 2714 1765 2750 PleVBE

111 2796 113 2800 ,
185 2771 230 2807 22
246 2783 317 2808 non
327 2783 391 2809 om.
400 2773 431 2808 B
490 2764 542 2810 ‘ae
550 2776 718 2820 peccatur
727 2774 853 2810 leE
937 2775 980 2810 25
989 2774 1116 2822 possit]
1125 2775 1203 2812 add.
1212 2775 1244 2812 si
1253 2775 1369 2812 itaest
1380 2775 1423 2811 bd
1431 2777 1461 2809 et
1472 2775 1560 2820 Auq.
1572 2774 1613 2809 de
1620 2773 1679 2810 lib.
1690 2774 1761 2810 arb.

186 2839 267 2877 ergo
281 2842 348 2868 om.
364 2832 454 2879 Auq.
471 2832 512 2868 de
525 2832 584 2870 lib.
599 2833 671 2869 arb.
778 2834 820 2870 27
836 2836 1172 2883 peccatur-potest
1183 2835 1341 2871 om.le
1449 2837 1614 2881 peccator
1636 2832 1761 2870 RmIB
