<?xml version="1.0" encoding="UTF-8"?>
<!DOCTYPE html PUBLIC "-//W3C//DTD XHTML 1.0 Transitional//EN"
    "http://www.w3.org/TR/xhtml1/DTD/xhtml1-transitional.dtd">
<html xmlns="http://www.w3.org/1999/xhtml" xml:lang="en" lang="en">
 <head>
  <title>
</title>
<meta http-equiv="Content-Type" content="text/html;charset=utf-8" />
  <meta name='ocr-system' content='tesseract 3.04.00' />
  <meta name='ocr-capabilities' content='ocr_page ocr_carea ocr_par ocr_line ocrx_word'/>
</head>
<body>
  <div class='ocr_page' id='page_1' title='image "./corpusscriptorum60auguuoft_0490.png"; bbox 0 0 2028 3204; ppageno 0'>
   <div class='ocr_carea' id='block_1_1' title="bbox 211 216 1410 275">
    <p class='ocr_par' dir='ltr' id='par_1_1' title="bbox 211 216 1410 275">
     <span class='ocr_line' id='line_1_1' title="bbox 211 216 1410 275; baseline 0.006 -17"><span class='ocrx_word' id='word_1_1' title='bbox 211 216 290 259; x_wconf 91' lang='grc'>460</span> <span class='ocrx_word' id='word_1_2' title='bbox 584 227 622 260; x_wconf 72' lang='lat' dir='ltr'>V.</span> <span class='ocrx_word' id='word_1_3' title='bbox 663 228 790 263; x_wconf 80' lang='lat' dir='ltr'>Contra</span> <span class='ocrx_word' id='word_1_4' title='bbox 823 226 911 263; x_wconf 82' lang='lat' dir='ltr'>duas</span> <span class='ocrx_word' id='word_1_5' title='bbox 941 226 1110 273; x_wconf 77' lang='lat' dir='ltr'><strong>epistulas</strong></span> <span class='ocrx_word' id='word_1_6' title='bbox 1141 227 1410 275; x_wconf 77' lang='lat' dir='ltr'>Pelagianorum</span> 
     </span>
    </p>
   </div>
   <div class='ocr_carea' id='block_1_2' title="bbox 746 590 1259 634">
    <p class='ocr_par' dir='ltr' id='par_1_2' title="bbox 746 590 1259 634">
     <span class='ocr_line' id='line_1_2' title="bbox 746 590 1259 634; baseline 0 -1"><span class='ocrx_word' id='word_1_7' title='bbox 746 590 922 633; x_wconf 90' lang='lat' dir='ltr'>LIBER</span> <span class='ocrx_word' id='word_1_8' title='bbox 956 591 1259 634; x_wconf 84' lang='lat' dir='ltr'>SECVNDVS.</span> 
     </span>
    </p>
   </div>
   <div class='ocr_carea' id='block_1_3' title="bbox 209 691 1850 2252">
    <p class='ocr_par' dir='ltr' id='par_1_3' title="bbox 209 691 1850 2252">
     <span class='ocr_line' id='line_1_3' title="bbox 320 691 1780 743; baseline 0.002 -11"><span class='ocrx_word' id='word_1_9' title='bbox 320 691 351 733; x_wconf 95' lang='grc' dir='ltr'>Ι.</span> <span class='ocrx_word' id='word_1_10' title='bbox 385 694 419 733; x_wconf 90' lang='grc'>1.</span> <span class='ocrx_word' id='word_1_11' title='bbox 452 691 541 732; x_wconf 85' lang='lat' dir='ltr'>Iam</span> <span class='ocrx_word' id='word_1_12' title='bbox 568 704 677 733; x_wconf 84' lang='lat' dir='ltr'>nunc</span> <span class='ocrx_word' id='word_1_13' title='bbox 706 691 843 743; x_wconf 86' lang='lat' dir='ltr'>aliam,</span> <span class='ocrx_word' id='word_1_14' title='bbox 873 705 955 734; x_wconf 92' lang='lat' dir='ltr'>non</span> <span class='ocrx_word' id='word_1_15' title='bbox 986 691 1135 734; x_wconf 88' lang='lat' dir='ltr'>Iuliani</span> <span class='ocrx_word' id='word_1_16' title='bbox 1163 696 1345 742; x_wconf 88' lang='lat' dir='ltr'>tantum,</span> <span class='ocrx_word' id='word_1_17' title='bbox 1367 692 1438 734; x_wconf 90' lang='lat' dir='ltr'>sed</span> <span class='ocrx_word' id='word_1_18' title='bbox 1461 705 1497 734; x_wconf 87' lang='lat' dir='ltr'>e1</span> <span class='ocrx_word' id='word_1_19' title='bbox 1518 705 1780 735; x_wconf 89' lang='lat' dir='ltr'>communem</span> 
     </span>
     <span class='ocr_line' id='line_1_4' title="bbox 210 756 1778 812; baseline 0.001 -13"><span class='ocrx_word' id='word_1_20' title='bbox 210 770 306 799; x_wconf 74' lang='lat' dir='ltr'>cum</span> <span class='ocrx_word' id='word_1_21' title='bbox 333 756 519 811; x_wconf 90' lang='lat' dir='ltr'>pluribus</span> <span class='ocrx_word' id='word_1_22' title='bbox 545 756 778 812; x_wconf 81' lang='lat' dir='ltr'>Pelagianis</span> <span class='ocrx_word' id='word_1_23' title='bbox 806 756 1022 812; x_wconf 89' lang='lat' dir='ltr'>episcopis,</span> <span class='ocrx_word' id='word_1_24' title='bbox 1053 770 1178 812; x_wconf 89' lang='lat' dir='ltr'>quam</span> <span class='ocrx_word' id='word_1_25' title='bbox 1205 757 1537 800; x_wconf 80' lang='lat' dir='ltr'>Thessalonicam</span> <span class='ocrx_word' id='word_1_26' title='bbox 1564 757 1778 810; x_wconf 88' lang='lat' dir='ltr'>miserunt,</span> 
     </span>
     <span class='ocr_line' id='line_1_5' title="bbox 212 822 1779 878; baseline 0.001 -13"><span class='ocrx_word' id='word_1_27' title='bbox 212 822 515 865; x_wconf 78' lang='lat' dir='ltr'>consideremus</span> <span class='ocrx_word' id='word_1_28' title='bbox 554 822 775 877; x_wconf 78' lang='lat' dir='ltr'>epistulam</span> <span class='ocrx_word' id='word_1_29' title='bbox 815 822 934 878; x_wconf 92' lang='lat' dir='ltr'>eique</span> <span class='ocrx_word' id='word_1_30' title='bbox 973 822 1140 865; x_wconf 90' lang='lat' dir='ltr'>domino</span> <span class='ocrx_word' id='word_1_31' title='bbox 1179 822 1408 865; x_wconf 87' lang='lat' dir='ltr'>adiuuante</span> <span class='ocrx_word' id='word_1_32' title='bbox 1447 823 1779 878; x_wconf 85' lang='lat' dir='ltr'>respondeamus,</span> 
     </span>
     <span class='ocr_line' id='line_1_6' title="bbox 211 888 1825 944; baseline 0.001 -14"><span class='ocrx_word' id='word_1_33' title='bbox 211 894 259 931; x_wconf 90' lang='lat' dir='ltr'>ut</span> <span class='ocrx_word' id='word_1_34' title='bbox 276 901 508 943; x_wconf 89' lang='lat' dir='ltr'>possumus.</span> <span class='ocrx_word' id='word_1_35' title='bbox 530 888 641 943; x_wconf 89' lang='lat' dir='ltr'>quod</span> <span class='ocrx_word' id='word_1_36' title='bbox 661 901 763 943; x_wconf 89' lang='lat' dir='ltr'>opus</span> <span class='ocrx_word' id='word_1_37' title='bbox 781 893 969 930; x_wconf 91' lang='lat' dir='ltr'>nostrum</span> <span class='ocrx_word' id='word_1_38' title='bbox 987 902 1037 930; x_wconf 93' lang='lat' dir='ltr'>ne</span> <span class='ocrx_word' id='word_1_39' title='bbox 1055 888 1214 943; x_wconf 81' lang='lat' dir='ltr'>longius</span> <span class='ocrx_word' id='word_1_40' title='bbox 1234 888 1325 938; x_wconf 83' lang='lat' dir='ltr'>fiat,</span> <span class='ocrx_word' id='word_1_41' title='bbox 1345 901 1470 943; x_wconf 89' lang='lat' dir='ltr'>quam</span> <span class='ocrx_word' id='word_1_42' title='bbox 1488 901 1636 930; x_wconf 89' lang='lat' dir='ltr'>causae</span> <span class='ocrx_word' id='word_1_43' title='bbox 1654 888 1780 944; x_wconf 93' lang='lat' dir='ltr'>ipsius</span> <span class='ocrx_word' id='word_1_44' title='bbox 1807 901 1825 930; x_wconf 71' lang='lat'>⁵</span> 
     </span>
     <span class='ocr_line' id='line_1_7' title="bbox 210 953 1780 1009; baseline 0 -13"><span class='ocrx_word' id='word_1_45' title='bbox 210 953 434 996; x_wconf 79' lang='lat' dir='ltr'>necessitas</span> <span class='ocrx_word' id='word_1_46' title='bbox 447 953 647 1008; x_wconf 87' lang='lat' dir='ltr'>postulat,</span> <span class='ocrx_word' id='word_1_47' title='bbox 667 953 767 1008; x_wconf 89' lang='lat' dir='ltr'>quid</span> <span class='ocrx_word' id='word_1_48' title='bbox 784 967 886 1008; x_wconf 92' lang='lat' dir='ltr'>opus</span> <span class='ocrx_word' id='word_1_49' title='bbox 905 958 969 996; x_wconf 91' lang='lat' dir='ltr'>est</span> <span class='ocrx_word' id='word_1_50' title='bbox 986 966 1034 995; x_wconf 92' lang='lat' dir='ltr'>ea</span> <span class='ocrx_word' id='word_1_51' title='bbox 1052 967 1215 1009; x_wconf 93' lang='lat' dir='ltr'>quoque</span> <span class='ocrx_word' id='word_1_52' title='bbox 1233 953 1431 1004; x_wconf 84' lang='lat' dir='ltr'>refellere,</span> <span class='ocrx_word' id='word_1_53' title='bbox 1452 967 1557 1008; x_wconf 89' lang='lat' dir='ltr'>quae</span> <span class='ocrx_word' id='word_1_54' title='bbox 1576 954 1780 1009; x_wconf 86' lang='lat' dir='ltr'>dogmatis</span> 
     </span>
     <span class='ocr_line' id='line_1_8' title="bbox 210 1018 1781 1070; baseline 0 -9"><span class='ocrx_word' id='word_1_55' title='bbox 210 1032 351 1062; x_wconf 90' lang='lat' dir='ltr'>eorum</span> <span class='ocrx_word' id='word_1_56' title='bbox 369 1018 565 1060; x_wconf 90' lang='lat' dir='ltr'>insidiosa</span> <span class='ocrx_word' id='word_1_57' title='bbox 582 1032 740 1060; x_wconf 89' lang='lat' dir='ltr'>uenena</span> <span class='ocrx_word' id='word_1_58' title='bbox 756 1032 838 1060; x_wconf 93' lang='lat' dir='ltr'>non</span> <span class='ocrx_word' id='word_1_59' title='bbox 856 1018 1083 1070; x_wconf 83' lang='lat' dir='ltr'>continent,</span> <span class='ocrx_word' id='word_1_60' title='bbox 1102 1019 1171 1061; x_wconf 91' lang='lat' dir='ltr'>sed</span> <span class='ocrx_word' id='word_1_61' title='bbox 1188 1023 1354 1061; x_wconf 87' lang='lat' dir='ltr'>tantum</span> <span class='ocrx_word' id='word_1_62' title='bbox 1378 1019 1419 1060; x_wconf 92' lang='lat' dir='ltr'>in</span> <span class='ocrx_word' id='word_1_63' title='bbox 1442 1019 1643 1061; x_wconf 85' lang='lat' dir='ltr'>auxilium</span> <span class='ocrx_word' id='word_1_64' title='bbox 1660 1033 1781 1061; x_wconf 91' lang='lat' dir='ltr'>suum</span> 
     </span>
     <span class='ocr_line' id='line_1_9' title="bbox 211 1083 1780 1140; baseline 0.001 -15"><span class='ocrx_word' id='word_1_65' title='bbox 211 1085 277 1126; x_wconf 90' lang='lat' dir='ltr'>uel</span> <span class='ocrx_word' id='word_1_66' title='bbox 300 1098 373 1139; x_wconf 90' lang='lat' dir='ltr'>pro</span> <span class='ocrx_word' id='word_1_67' title='bbox 398 1084 602 1126; x_wconf 86' lang='lat' dir='ltr'>catholica</span> <span class='ocrx_word' id='word_1_68' title='bbox 625 1083 708 1126; x_wconf 82' lang='lat' dir='ltr'>fide</span> <span class='ocrx_word' id='word_1_69' title='bbox 733 1089 877 1126; x_wconf 85' lang='lat' dir='ltr'>contra</span> <span class='ocrx_word' id='word_1_70' title='bbox 898 1084 1220 1135; x_wconf 89' lang='lat' dir='ltr'>Manicheorum‚</span> <span class='ocrx_word' id='word_1_71' title='bbox 1247 1084 1353 1126; x_wconf 87' lang='lat' dir='ltr'>sicut</span> <span class='ocrx_word' id='word_1_72' title='bbox 1380 1085 1621 1139; x_wconf 88' lang='lat' dir='ltr'>loquuntur,</span> <span class='ocrx_word' id='word_1_73' title='bbox 1645 1084 1780 1140; x_wconf 83' lang='lat' dir='ltr'>profa-</span> 
     </span>
     <span class='ocr_line' id='line_1_10' title="bbox 210 1149 1780 1205; baseline 0.001 -14"><span class='ocrx_word' id='word_1_74' title='bbox 210 1150 387 1191; x_wconf 88' lang='lat' dir='ltr'>nitatem</span> <span class='ocrx_word' id='word_1_75' title='bbox 418 1149 726 1191; x_wconf 88' lang='lat' dir='ltr'>consensionem</span> <span class='ocrx_word' id='word_1_76' title='bbox 752 1149 1013 1192; x_wconf 88' lang='lat' dir='ltr'>orientalium</span> <span class='ocrx_word' id='word_1_77' title='bbox 1034 1150 1319 1205; x_wconf 85' lang='lat' dir='ltr'>episcoporum</span> <span class='ocrx_word' id='word_1_78' title='bbox 1340 1149 1534 1191; x_wconf 87' lang='lat' dir='ltr'>uidentur</span> <span class='ocrx_word' id='word_1_79' title='bbox 1560 1163 1780 1204; x_wconf 83' lang='lat' dir='ltr'>exposcere</span> 
     </span>
     <span class='ocr_line' id='line_1_11' title="bbox 211 1214 1850 1266; baseline -0.001 -9"><span class='ocrx_word' id='word_1_80' title='bbox 211 1215 312 1257; x_wconf 90' lang='lat' dir='ltr'>nihil</span> <span class='ocrx_word' id='word_1_81' title='bbox 334 1215 447 1257; x_wconf 89' lang='lat' dir='ltr'>aliud</span> <span class='ocrx_word' id='word_1_82' title='bbox 468 1215 663 1266; x_wconf 89' lang='lat' dir='ltr'>nitentes,</span> <span class='ocrx_word' id='word_1_83' title='bbox 691 1215 769 1257; x_wconf 90' lang='lat' dir='ltr'>nisi</span> <span class='ocrx_word' id='word_1_84' title='bbox 796 1220 844 1257; x_wconf 94' lang='lat' dir='ltr'>ut</span> <span class='ocrx_word' id='word_1_85' title='bbox 871 1215 1058 1258; x_wconf 91' lang='lat' dir='ltr'>horribili</span> <span class='ocrx_word' id='word_1_86' title='bbox 1079 1215 1211 1258; x_wconf 91' lang='lat' dir='ltr'>heresi</span> <span class='ocrx_word' id='word_1_87' title='bbox 1233 1214 1409 1266; x_wconf 90' lang='lat' dir='ltr'>obiecta,</span> <span class='ocrx_word' id='word_1_88' title='bbox 1432 1215 1548 1257; x_wconf 88' lang='lat' dir='ltr'>cuius</span> <span class='ocrx_word' id='word_1_89' title='bbox 1571 1228 1613 1257; x_wconf 89' lang='lat' dir='ltr'>se</span> <span class='ocrx_word' id='word_1_90' title='bbox 1635 1215 1781 1258; x_wconf 90' lang='lat' dir='ltr'>aduer-</span> <span class='ocrx_word' id='word_1_91' title='bbox 1812 1227 1850 1256; x_wconf 88' lang='lat'>10</span> 
     </span>
     <span class='ocr_line' id='line_1_12' title="bbox 211 1280 1778 1335; baseline 0.001 -13"><span class='ocrx_word' id='word_1_92' title='bbox 211 1280 338 1323; x_wconf 88' lang='lat' dir='ltr'>sarios</span> <span class='ocrx_word' id='word_1_93' title='bbox 379 1293 464 1322; x_wconf 89' lang='lat' dir='ltr'>esse</span> <span class='ocrx_word' id='word_1_94' title='bbox 504 1280 763 1335; x_wconf 84' lang='lat' dir='ltr'>confingunt,</span> <span class='ocrx_word' id='word_1_95' title='bbox 795 1281 955 1323; x_wconf 87' lang='lat' dir='ltr'>lateant</span> <span class='ocrx_word' id='word_1_96' title='bbox 984 1280 1139 1322; x_wconf 85' lang='lat' dir='ltr'>inimici</span> <span class='ocrx_word' id='word_1_97' title='bbox 1167 1280 1326 1335; x_wconf 85' lang='lat' dir='ltr'>gratiae</span> <span class='ocrx_word' id='word_1_98' title='bbox 1353 1280 1396 1322; x_wconf 93' lang='lat' dir='ltr'>in</span> <span class='ocrx_word' id='word_1_99' title='bbox 1425 1280 1547 1322; x_wconf 88' lang='lat' dir='ltr'>laude</span> <span class='ocrx_word' id='word_1_100' title='bbox 1576 1280 1778 1323; x_wconf 83' lang='lat' dir='ltr'>naturae?</span> 
     </span>
     <span class='ocr_line' id='line_1_13' title="bbox 212 1345 1782 1401; baseline -0.001 -13"><span class='ocrx_word' id='word_1_101' title='bbox 212 1346 303 1401; x_wconf 90' lang='lat' dir='ltr'>quis</span> <span class='ocrx_word' id='word_1_102' title='bbox 342 1346 452 1388; x_wconf 88' lang='lat' dir='ltr'>enim</span> <span class='ocrx_word' id='word_1_103' title='bbox 491 1346 547 1388; x_wconf 92' lang='lat' dir='ltr'>eis</span> <span class='ocrx_word' id='word_1_104' title='bbox 586 1345 682 1388; x_wconf 88' lang='lat' dir='ltr'>hinc</span> <span class='ocrx_word' id='word_1_105' title='bbox 718 1346 944 1388; x_wconf 90' lang='lat' dir='ltr'>commouit</span> <span class='ocrx_word' id='word_1_106' title='bbox 982 1345 1207 1401; x_wconf 90' lang='lat' dir='ltr'>aliquando</span> <span class='ocrx_word' id='word_1_107' title='bbox 1247 1345 1563 1400; x_wconf 85' lang='lat' dir='ltr'>quaestionem?</span> <span class='ocrx_word' id='word_1_108' title='bbox 1604 1350 1678 1387; x_wconf 86' lang='lat' dir='ltr'>aut</span> <span class='ocrx_word' id='word_1_109' title='bbox 1716 1345 1782 1388; x_wconf 89' lang='lat' dir='ltr'>cui</span> 
     </span>
     <span class='ocr_line' id='line_1_14' title="bbox 211 1411 1783 1466; baseline 0 -12"><span class='ocrx_word' id='word_1_110' title='bbox 211 1411 509 1454; x_wconf 88' lang='lat' dir='ltr'>catholicorum</span> <span class='ocrx_word' id='word_1_111' title='bbox 526 1416 745 1466; x_wconf 88' lang='lat' dir='ltr'>propterea</span> <span class='ocrx_word' id='word_1_112' title='bbox 762 1411 994 1466; x_wconf 88' lang='lat' dir='ltr'>displicent,</span> <span class='ocrx_word' id='word_1_113' title='bbox 1015 1411 1113 1466; x_wconf 91' lang='lat' dir='ltr'>quia</span> <span class='ocrx_word' id='word_1_114' title='bbox 1129 1411 1334 1453; x_wconf 89' lang='lat' dir='ltr'>damnant</span> <span class='ocrx_word' id='word_1_115' title='bbox 1352 1424 1434 1462; x_wconf 89' lang='lat' dir='ltr'>eos,</span> <span class='ocrx_word' id='word_1_116' title='bbox 1455 1424 1558 1466; x_wconf 92' lang='lat' dir='ltr'>quos</span> <span class='ocrx_word' id='word_1_117' title='bbox 1575 1411 1783 1466; x_wconf 78' lang='lat' dir='ltr'>praedixit</span> 
     </span>
     <span class='ocr_line' id='line_1_15' title="bbox 210 1476 1779 1532; baseline -0.001 -13"><span class='ocrx_word' id='word_1_118' title='bbox 210 1477 422 1532; x_wconf 88' lang='lat' dir='ltr'>apostolus</span> <span class='ocrx_word' id='word_1_119' title='bbox 460 1490 689 1519; x_wconf 87' lang='lat' dir='ltr'>recessuros</span> <span class='ocrx_word' id='word_1_120' title='bbox 726 1490 750 1519; x_wconf 91' lang='lat' dir='ltr'>a</span> <span class='ocrx_word' id='word_1_121' title='bbox 787 1477 884 1528; x_wconf 80' lang='lat' dir='ltr'>fide,</span> <span class='ocrx_word' id='word_1_122' title='bbox 923 1477 1196 1519; x_wconf 89' lang='lat' dir='ltr'>cauteriatam</span> <span class='ocrx_word' id='word_1_123' title='bbox 1232 1476 1433 1518; x_wconf 90' lang='lat' dir='ltr'>habentes</span> <span class='ocrx_word' id='word_1_124' title='bbox 1472 1476 1779 1527; x_wconf 85' lang='lat' dir='ltr'>conscientiam,</span> 
     </span>
     <span class='ocr_line' id='line_1_16' title="bbox 210 1541 1848 1598; baseline -0.001 -14"><span class='ocrx_word' id='word_1_125' title='bbox 210 1542 474 1598; x_wconf 90' lang='lat' dir='ltr'>prohibentes</span> <span class='ocrx_word' id='word_1_126' title='bbox 510 1542 676 1594; x_wconf 89' lang='lat' dir='ltr'>nubere,</span> <span class='ocrx_word' id='word_1_127' title='bbox 713 1542 971 1585; x_wconf 87' lang='lat' dir='ltr'>abstinentes</span> <span class='ocrx_word' id='word_1_128' title='bbox 1005 1555 1030 1585; x_wconf 89' lang='lat' dir='ltr'>a</span> <span class='ocrx_word' id='word_1_129' title='bbox 1065 1542 1180 1594; x_wconf 87' lang='lat' dir='ltr'>cibis,</span> <span class='ocrx_word' id='word_1_130' title='bbox 1217 1555 1320 1598; x_wconf 93' lang='lat' dir='ltr'>quos</span> <span class='ocrx_word' id='word_1_131' title='bbox 1356 1541 1577 1584; x_wconf 92' lang='lat' dir='ltr'>inmundos</span> <span class='ocrx_word' id='word_1_132' title='bbox 1611 1546 1779 1597; x_wconf 88' lang='lat' dir='ltr'>putant,</span> <span class='ocrx_word' id='word_1_133' title='bbox 1812 1553 1848 1582; x_wconf 83' lang='lat'>15</span> 
     </span>
     <span class='ocr_line' id='line_1_17' title="bbox 210 1607 1780 1663; baseline -0.001 -13"><span class='ocrx_word' id='word_1_134' title='bbox 210 1622 285 1650; x_wconf 88' lang='lat' dir='ltr'>nec</span> <span class='ocrx_word' id='word_1_135' title='bbox 306 1612 504 1662; x_wconf 88' lang='lat' dir='ltr'>putantes</span> <span class='ocrx_word' id='word_1_136' title='bbox 527 1621 552 1649; x_wconf 93' lang='lat' dir='ltr'>a</span> <span class='ocrx_word' id='word_1_137' title='bbox 574 1608 650 1649; x_wconf 93' lang='lat' dir='ltr'>deo</span> <span class='ocrx_word' id='word_1_138' title='bbox 673 1612 825 1650; x_wconf 89' lang='lat' dir='ltr'>cuncta</span> <span class='ocrx_word' id='word_1_139' title='bbox 847 1621 933 1650; x_wconf 91' lang='lat' dir='ltr'>esse</span> <span class='ocrx_word' id='word_1_140' title='bbox 957 1607 1154 1650; x_wconf 84' lang='lat' dir='ltr'>condita?</span> <span class='ocrx_word' id='word_1_141' title='bbox 1181 1607 1271 1663; x_wconf 90' lang='lat' dir='ltr'>quis</span> <span class='ocrx_word' id='word_1_142' title='bbox 1296 1620 1364 1650; x_wconf 90' lang='lat' dir='ltr'>eos</span> <span class='ocrx_word' id='word_1_143' title='bbox 1387 1607 1611 1662; x_wconf 87' lang='lat' dir='ltr'>aliquando</span> <span class='ocrx_word' id='word_1_144' title='bbox 1634 1619 1780 1663; x_wconf 86' lang='lat' dir='ltr'>negare</span> 
     </span>
     <span class='ocr_line' id='line_1_18' title="bbox 211 1672 1779 1728; baseline -0.001 -13"><span class='ocrx_word' id='word_1_145' title='bbox 211 1673 412 1728; x_wconf 87' lang='lat' dir='ltr'>conpulit,</span> <span class='ocrx_word' id='word_1_146' title='bbox 438 1673 549 1728; x_wconf 91' lang='lat' dir='ltr'>quod</span> <span class='ocrx_word' id='word_1_147' title='bbox 574 1673 707 1715; x_wconf 90' lang='lat' dir='ltr'>omnis</span> <span class='ocrx_word' id='word_1_148' title='bbox 732 1678 922 1715; x_wconf 87' lang='lat' dir='ltr'>creatura</span> <span class='ocrx_word' id='word_1_149' title='bbox 945 1673 1010 1715; x_wconf 95' lang='lat' dir='ltr'>dei</span> <span class='ocrx_word' id='word_1_150' title='bbox 1034 1673 1144 1715; x_wconf 90' lang='lat' dir='ltr'>bona</span> <span class='ocrx_word' id='word_1_151' title='bbox 1169 1673 1222 1715; x_wconf 88' lang='lat' dir='ltr'>sit</span> <span class='ocrx_word' id='word_1_152' title='bbox 1247 1678 1289 1715; x_wconf 88' lang='lat' dir='ltr'>ct</span> <span class='ocrx_word' id='word_1_153' title='bbox 1313 1673 1428 1714; x_wconf 90' lang='lat' dir='ltr'>nulla</span> <span class='ocrx_word' id='word_1_154' title='bbox 1451 1672 1687 1714; x_wconf 87' lang='lat' dir='ltr'>substantia</span> <span class='ocrx_word' id='word_1_155' title='bbox 1712 1673 1779 1724; x_wconf 91' lang='lat' dir='ltr'>sit,</span> 
     </span>
     <span class='ocr_line' id='line_1_19' title="bbox 212 1737 1781 1794; baseline 0 -14"><span class='ocrx_word' id='word_1_156' title='bbox 212 1752 338 1794; x_wconf 89' lang='lat' dir='ltr'>quam</span> <span class='ocrx_word' id='word_1_157' title='bbox 358 1751 439 1780; x_wconf 92' lang='lat' dir='ltr'>non</span> <span class='ocrx_word' id='word_1_158' title='bbox 460 1752 645 1781; x_wconf 89' lang='lat' dir='ltr'>summus</span> <span class='ocrx_word' id='word_1_159' title='bbox 667 1738 810 1780; x_wconf 85' lang='lat' dir='ltr'>fecerit</span> <span class='ocrx_word' id='word_1_160' title='bbox 831 1738 943 1789; x_wconf 90' lang='lat' dir='ltr'>deus,</span> <span class='ocrx_word' id='word_1_161' title='bbox 964 1738 1044 1780; x_wconf 91' lang='lat' dir='ltr'>nisi</span> <span class='ocrx_word' id='word_1_162' title='bbox 1064 1738 1150 1793; x_wconf 90' lang='lat' dir='ltr'>ipse</span> <span class='ocrx_word' id='word_1_163' title='bbox 1171 1738 1270 1780; x_wconf 90' lang='lat' dir='ltr'>deus</span> <span class='ocrx_word' id='word_1_164' title='bbox 1292 1738 1363 1793; x_wconf 93' lang='lat' dir='ltr'>qui</span> <span class='ocrx_word' id='word_1_165' title='bbox 1383 1751 1464 1779; x_wconf 93' lang='lat' dir='ltr'>non</span> <span class='ocrx_word' id='word_1_166' title='bbox 1485 1743 1548 1779; x_wconf 91' lang='lat' dir='ltr'>est</span> <span class='ocrx_word' id='word_1_167' title='bbox 1568 1738 1620 1779; x_wconf 89' lang='lat' dir='ltr'>ab</span> <span class='ocrx_word' id='word_1_168' title='bbox 1641 1737 1781 1793; x_wconf 89' lang='lat' dir='ltr'>aliquo</span> 
     </span>
     <span class='ocr_line' id='line_1_20' title="bbox 210 1802 1782 1859; baseline -0.001 -13"><span class='ocrx_word' id='word_1_169' title='bbox 210 1804 376 1847; x_wconf 82' lang='lat' dir='ltr'>factus?</span> <span class='ocrx_word' id='word_1_170' title='bbox 398 1817 480 1845; x_wconf 91' lang='lat' dir='ltr'>non</span> <span class='ocrx_word' id='word_1_171' title='bbox 503 1804 583 1845; x_wconf 89' lang='lat' dir='ltr'>ista</span> <span class='ocrx_word' id='word_1_172' title='bbox 604 1804 645 1844; x_wconf 93' lang='lat' dir='ltr'>in</span> <span class='ocrx_word' id='word_1_173' title='bbox 667 1804 738 1855; x_wconf 89' lang='lat' dir='ltr'>eis,</span> <span class='ocrx_word' id='word_1_174' title='bbox 762 1817 867 1859; x_wconf 89' lang='lat' dir='ltr'>quae</span> <span class='ocrx_word' id='word_1_175' title='bbox 890 1808 1055 1845; x_wconf 89' lang='lat' dir='ltr'>constat</span> <span class='ocrx_word' id='word_1_176' title='bbox 1076 1817 1162 1846; x_wconf 90' lang='lat' dir='ltr'>esse</span> <span class='ocrx_word' id='word_1_177' title='bbox 1184 1803 1401 1854; x_wconf 86' lang='lat' dir='ltr'>catholica,</span> <span class='ocrx_word' id='word_1_178' title='bbox 1426 1802 1782 1857; x_wconf 90' lang='lat' dir='ltr'>reprehenduntur</span> 
     </span>
     <span class='ocr_line' id='line_1_21' title="bbox 209 1867 1849 1925; baseline -0.001 -14"><span class='ocrx_word' id='word_1_179' title='bbox 209 1875 336 1925; x_wconf 87' lang='lat' dir='ltr'>atque</span> <span class='ocrx_word' id='word_1_180' title='bbox 354 1869 620 1911; x_wconf 89' lang='lat' dir='ltr'>damnantur.</span> <span class='ocrx_word' id='word_1_181' title='bbox 643 1868 890 1924; x_wconf 88' lang='lat' dir='ltr'>inpietatem</span> <span class='ocrx_word' id='word_1_182' title='bbox 910 1869 1063 1924; x_wconf 89' lang='lat' dir='ltr'>quippe</span> <span class='ocrx_word' id='word_1_183' title='bbox 1081 1868 1392 1911; x_wconf 89' lang='lat' dir='ltr'>Manicheorum</span> <span class='ocrx_word' id='word_1_184' title='bbox 1411 1867 1586 1910; x_wconf 90' lang='lat' dir='ltr'>nimium</span> <span class='ocrx_word' id='word_1_185' title='bbox 1605 1868 1780 1910; x_wconf 87' lang='lat' dir='ltr'>stultam</span> <span class='ocrx_word' id='word_1_186' title='bbox 1807 1880 1849 1910; x_wconf 84' lang='lat'>20</span> 
     </span>
     <span class='ocr_line' id='line_1_22' title="bbox 212 1933 1781 1986; baseline -0.001 -10"><span class='ocrx_word' id='word_1_187' title='bbox 212 1940 254 1977; x_wconf 89' lang='lat' dir='ltr'>et</span> <span class='ocrx_word' id='word_1_188' title='bbox 275 1935 443 1976; x_wconf 88' lang='lat' dir='ltr'>noxiam</span> <span class='ocrx_word' id='word_1_189' title='bbox 464 1948 546 1976; x_wconf 93' lang='lat' dir='ltr'>non</span> <span class='ocrx_word' id='word_1_190' title='bbox 569 1935 702 1976; x_wconf 89' lang='lat' dir='ltr'>solum</span> <span class='ocrx_word' id='word_1_191' title='bbox 725 1934 829 1976; x_wconf 82' lang='lat' dir='ltr'>fides</span> <span class='ocrx_word' id='word_1_192' title='bbox 852 1934 1058 1976; x_wconf 90' lang='lat' dir='ltr'>catholica</span> <span class='ocrx_word' id='word_1_193' title='bbox 1079 1934 1324 1986; x_wconf 87' lang='lat' dir='ltr'>detestatur,</span> <span class='ocrx_word' id='word_1_194' title='bbox 1348 1946 1491 1975; x_wconf 91' lang='lat' dir='ltr'>uerum</span> <span class='ocrx_word' id='word_1_195' title='bbox 1514 1933 1641 1976; x_wconf 89' lang='lat' dir='ltr'>etiam</span> <span class='ocrx_word' id='word_1_196' title='bbox 1669 1933 1781 1975; x_wconf 91' lang='lat' dir='ltr'>here-</span> 
     </span>
     <span class='ocr_line' id='line_1_23' title="bbox 211 1998 1781 2055; baseline -0.001 -13"><span class='ocrx_word' id='word_1_197' title='bbox 211 2000 283 2042; x_wconf 90' lang='lat' dir='ltr'>tici</span> <span class='ocrx_word' id='word_1_198' title='bbox 309 2013 463 2052; x_wconf 90' lang='lat' dir='ltr'>omnes,</span> <span class='ocrx_word' id='word_1_199' title='bbox 490 2000 562 2055; x_wconf 91' lang='lat' dir='ltr'>qui</span> <span class='ocrx_word' id='word_1_200' title='bbox 585 2013 667 2042; x_wconf 91' lang='lat' dir='ltr'>non</span> <span class='ocrx_word' id='word_1_201' title='bbox 692 2004 789 2042; x_wconf 90' lang='lat' dir='ltr'>sunt</span> <span class='ocrx_word' id='word_1_202' title='bbox 807 1999 1022 2042; x_wconf 88' lang='lat' dir='ltr'>Manichei.</span> <span class='ocrx_word' id='word_1_203' title='bbox 1047 2000 1156 2042; x_wconf 91' lang='lat' dir='ltr'>unde</span> <span class='ocrx_word' id='word_1_204' title='bbox 1181 2004 1223 2042; x_wconf 91' lang='lat' dir='ltr'>et</span> <span class='ocrx_word' id='word_1_205' title='bbox 1249 1999 1318 2041; x_wconf 90' lang='lat' dir='ltr'>isti</span> <span class='ocrx_word' id='word_1_206' title='bbox 1342 1998 1553 2054; x_wconf 86' lang='lat' dir='ltr'>Pelagiani</span> <span class='ocrx_word' id='word_1_207' title='bbox 1577 1999 1655 2041; x_wconf 93' lang='lat' dir='ltr'>hoc</span> <span class='ocrx_word' id='word_1_208' title='bbox 1678 1998 1781 2041; x_wconf 91' lang='lat' dir='ltr'>bene</span> 
     </span>
     <span class='ocr_line' id='line_1_24' title="bbox 210 2063 1779 2108; baseline -0.001 -1"><span class='ocrx_word' id='word_1_209' title='bbox 210 2066 370 2108; x_wconf 83' lang='lat' dir='ltr'>faciunt</span> <span class='ocrx_word' id='word_1_210' title='bbox 390 2065 616 2108; x_wconf 91' lang='lat' dir='ltr'>Manicheis</span> <span class='ocrx_word' id='word_1_211' title='bbox 637 2066 862 2107; x_wconf 89' lang='lat' dir='ltr'>anathema</span> <span class='ocrx_word' id='word_1_212' title='bbox 881 2065 1014 2107; x_wconf 89' lang='lat' dir='ltr'>dicere</span> <span class='ocrx_word' id='word_1_213' title='bbox 1035 2070 1078 2107; x_wconf 90' lang='lat' dir='ltr'>et</span> <span class='ocrx_word' id='word_1_214' title='bbox 1098 2078 1240 2107; x_wconf 91' lang='lat' dir='ltr'>eorum</span> <span class='ocrx_word' id='word_1_215' title='bbox 1261 2064 1465 2107; x_wconf 89' lang='lat' dir='ltr'>erroribus</span> <span class='ocrx_word' id='word_1_216' title='bbox 1486 2063 1779 2107; x_wconf 87' lang='lat' dir='ltr'>contradicere.</span> 
     </span>
     <span class='ocr_line' id='line_1_25' title="bbox 211 2129 1780 2185; baseline -0.001 -12"><span class='ocrx_word' id='word_1_217' title='bbox 211 2132 282 2173; x_wconf 88' lang='lat' dir='ltr'>sed</span> <span class='ocrx_word' id='word_1_218' title='bbox 313 2131 476 2173; x_wconf 83' lang='lat' dir='ltr'>faciunt</span> <span class='ocrx_word' id='word_1_219' title='bbox 509 2131 592 2173; x_wconf 91' lang='lat' dir='ltr'>duo</span> <span class='ocrx_word' id='word_1_220' title='bbox 626 2131 750 2182; x_wconf 88' lang='lat' dir='ltr'>mala,</span> <span class='ocrx_word' id='word_1_221' title='bbox 786 2130 936 2185; x_wconf 90' lang='lat' dir='ltr'>quibus</span> <span class='ocrx_word' id='word_1_222' title='bbox 971 2135 1013 2173; x_wconf 92' lang='lat' dir='ltr'>et</span> <span class='ocrx_word' id='word_1_223' title='bbox 1044 2130 1123 2185; x_wconf 91' lang='lat' dir='ltr'>ipsi</span> <span class='ocrx_word' id='word_1_224' title='bbox 1155 2129 1454 2172; x_wconf 87' lang='lat' dir='ltr'>anathemandi</span> <span class='ocrx_word' id='word_1_225' title='bbox 1486 2133 1602 2172; x_wconf 90' lang='lat' dir='ltr'>sunt:</span> <span class='ocrx_word' id='word_1_226' title='bbox 1636 2142 1780 2180; x_wconf 89' lang='lat' dir='ltr'>unum,</span> 
     </span>
     <span class='ocr_line' id='line_1_26' title="bbox 212 2194 1850 2252; baseline -0.002 -14"><span class='ocrx_word' id='word_1_227' title='bbox 212 2196 323 2252; x_wconf 93' lang='lat' dir='ltr'>quod</span> <span class='ocrx_word' id='word_1_228' title='bbox 350 2195 574 2238; x_wconf 87' lang='lat' dir='ltr'>catholicos</span> <span class='ocrx_word' id='word_1_229' title='bbox 603 2195 911 2238; x_wconf 89' lang='lat' dir='ltr'>Manicheorum</span> <span class='ocrx_word' id='word_1_230' title='bbox 938 2196 1103 2238; x_wconf 89' lang='lat' dir='ltr'>nomine</span> <span class='ocrx_word' id='word_1_231' title='bbox 1131 2195 1416 2247; x_wconf 88' lang='lat' dir='ltr'>criminantur,</span> <span class='ocrx_word' id='word_1_232' title='bbox 1454 2195 1642 2246; x_wconf 86' lang='lat' dir='ltr'>alterum,</span> <span class='ocrx_word' id='word_1_233' title='bbox 1672 2194 1783 2250; x_wconf 93' lang='lat' dir='ltr'>quod</span> <span class='ocrx_word' id='word_1_234' title='bbox 1809 2205 1850 2236; x_wconf 83' lang='lat'>25</span> 
     </span>
    </p>
   </div>
   <div class='ocr_carea' id='block_1_4' title="bbox 313 2361 806 2404">
    <p class='ocr_par' dir='ltr' id='par_1_4' title="bbox 313 2361 806 2404">
     <span class='ocr_line' id='line_1_27' title="bbox 313 2361 806 2404; baseline 0.004 -8"><span class='ocrx_word' id='word_1_235' title='bbox 313 2362 442 2396; x_wconf 85' lang='lat'><strong>13—17</strong></span> <span class='ocrx_word' id='word_1_236' title='bbox 461 2361 503 2397; x_wconf 81' lang='lat' dir='ltr'>cf.</span> <span class='ocrx_word' id='word_1_237' title='bbox 526 2362 542 2396; x_wconf 94' lang='lat' dir='ltr'>I</span> <span class='ocrx_word' id='word_1_238' title='bbox 559 2362 647 2396; x_wconf 89' lang='lat' dir='ltr'>Tim.</span> <span class='ocrx_word' id='word_1_239' title='bbox 668 2364 699 2404; x_wconf 89' lang='grc'>4,</span> <span class='ocrx_word' id='word_1_240' title='bbox 719 2363 806 2398; x_wconf 87' lang='grc'>1-4</span> 
     </span>
    </p>
   </div>
   <div class='ocr_carea' id='block_1_5' title="bbox 210 2470 1783 2869">
    <p class='ocr_par' dir='ltr' id='par_1_5' title="bbox 210 2470 1783 2869">
     <span class='ocr_line' id='line_1_28' title="bbox 312 2470 1783 2520; baseline -0.003 -10"><span class='ocrx_word' id='word_1_241' title='bbox 312 2476 332 2510; x_wconf 99' lang='grc'><strong>2</strong></span> <span class='ocrx_word' id='word_1_242' title='bbox 347 2476 394 2519; x_wconf 88' lang='lat' dir='ltr'>ei]</span> <span class='ocrx_word' id='word_1_243' title='bbox 410 2479 446 2511; x_wconf 85' lang='lat' dir='ltr'>et</span> <span class='ocrx_word' id='word_1_244' title='bbox 456 2475 509 2511; x_wconf 85' lang='lat' dir='ltr'>Vb</span> <span class='ocrx_word' id='word_1_245' title='bbox 598 2476 619 2510; x_wconf 93' lang='lat'><strong>3</strong></span> <span class='ocrx_word' id='word_1_246' title='bbox 637 2475 727 2520; x_wconf 84' lang='lat' dir='ltr'>pluri</span> <span class='ocrx_word' id='word_1_247' title='bbox 743 2475 823 2519; x_wconf 88' lang='lat' dir='ltr'>(bus</span> <span class='ocrx_word' id='word_1_248' title='bbox 840 2476 941 2520; x_wconf 88' lang='lat' dir='ltr'>eras.)</span> <span class='ocrx_word' id='word_1_249' title='bbox 954 2476 985 2511; x_wconf 93' lang='lat' dir='ltr'><em>B</em></span> <span class='ocrx_word' id='word_1_250' title='bbox 1002 2474 1161 2520; x_wconf 90' lang='lat' dir='ltr'>plurimis</span> <span class='ocrx_word' id='word_1_251' title='bbox 1173 2474 1277 2509; x_wconf 84' lang='lat' dir='ltr'>Ede</span> <span class='ocrx_word' id='word_1_252' title='bbox 1377 2471 1548 2519; x_wconf 82' lang='lat' dir='ltr'>pelagiuis</span> <span class='ocrx_word' id='word_1_253' title='bbox 1562 2470 1593 2506; x_wconf 93' lang='lat' dir='ltr'><strong><em>B</em></strong></span> <span class='ocrx_word' id='word_1_254' title='bbox 1667 2471 1783 2507; x_wconf 85' lang='lat' dir='ltr'>theso-</span> 
     </span>
     <span class='ocr_line' id='line_1_29' title="bbox 210 2529 1780 2580; baseline -0.002 -12"><span class='ocrx_word' id='word_1_255' title='bbox 210 2534 399 2572; x_wconf 81' lang='lat' dir='ltr'>lonicamo</span> <span class='ocrx_word' id='word_1_256' title='bbox 416 2535 630 2571; x_wconf 88' lang='lat' dir='ltr'>thesalonice</span> <span class='ocrx_word' id='word_1_257' title='bbox 645 2536 676 2570; x_wconf 92' lang='lat' dir='ltr'><em>B</em></span> <span class='ocrx_word' id='word_1_258' title='bbox 750 2535 771 2569; x_wconf 84' lang='lat'>5</span> <span class='ocrx_word' id='word_1_259' title='bbox 789 2534 963 2580; x_wconf 89' lang='lat' dir='ltr'>possimus</span> <span class='ocrx_word' id='word_1_260' title='bbox 976 2536 1007 2570; x_wconf 93' lang='lat' dir='ltr'><em>B</em></span> <span class='ocrx_word' id='word_1_261' title='bbox 1082 2534 1140 2577; x_wconf 89' lang='lat' dir='ltr'>ne]</span> <span class='ocrx_word' id='word_1_262' title='bbox 1157 2544 1227 2569; x_wconf 90' lang='lat' dir='ltr'>non</span> <span class='ocrx_word' id='word_1_263' title='bbox 1242 2532 1306 2568; x_wconf 92' lang='lat' dir='ltr'>BD</span> <span class='ocrx_word' id='word_1_264' title='bbox 1381 2532 1523 2578; x_wconf 87' lang='lat' dir='ltr'>longum</span> <span class='ocrx_word' id='word_1_265' title='bbox 1534 2530 1587 2567; x_wconf 88' lang='lat' dir='ltr'>Vb</span> <span class='ocrx_word' id='word_1_266' title='bbox 1662 2529 1683 2565; x_wconf 88' lang='lat'>6</span> <span class='ocrx_word' id='word_1_267' title='bbox 1699 2529 1780 2566; x_wconf 86' lang='lat' dir='ltr'>doc-</span> 
     </span>
     <span class='ocr_line' id='line_1_30' title="bbox 210 2589 1782 2639; baseline -0.003 -10"><span class='ocrx_word' id='word_1_268' title='bbox 210 2594 353 2631; x_wconf 84' lang='lat' dir='ltr'>matisO</span> <span class='ocrx_word' id='word_1_269' title='bbox 416 2597 435 2631; x_wconf 85' lang='lat'>7</span> <span class='ocrx_word' id='word_1_270' title='bbox 452 2594 616 2630; x_wconf 79' lang='lat' dir='ltr'>insidiose</span> <span class='ocrx_word' id='word_1_271' title='bbox 624 2593 708 2631; x_wconf 86' lang='lat' dir='ltr'>0m1</span> <span class='ocrx_word' id='word_1_272' title='bbox 727 2593 855 2630; x_wconf 86' lang='lat' dir='ltr'>insiosa</span> <span class='ocrx_word' id='word_1_273' title='bbox 866 2594 950 2630; x_wconf 83' lang='lat' dir='ltr'>0m1</span> <span class='ocrx_word' id='word_1_274' title='bbox 1014 2594 1035 2629; x_wconf 89' lang='lat'>8</span> <span class='ocrx_word' id='word_1_275' title='bbox 1053 2604 1114 2639; x_wconf 89' lang='lat' dir='ltr'>pro</span> <span class='ocrx_word' id='word_1_276' title='bbox 1131 2592 1282 2630; x_wconf 89' lang='lat' dir='ltr'>om.Om1</span> <span class='ocrx_word' id='word_1_277' title='bbox 1330 2590 1594 2628; x_wconf 80' lang='lat' dir='ltr'>locunturocl)</span> <span class='ocrx_word' id='word_1_278' title='bbox 1663 2589 1685 2624; x_wconf 88' lang='grc'>9</span> <span class='ocrx_word' id='word_1_279' title='bbox 1701 2599 1782 2625; x_wconf 86' lang='lat' dir='ltr'>con·</span> 
     </span>
     <span class='ocr_line' id='line_1_31' title="bbox 211 2647 1781 2699; baseline -0.003 -11"><span class='ocrx_word' id='word_1_280' title='bbox 211 2654 399 2690; x_wconf 85' lang='lat' dir='ltr'>cessionem</span> <span class='ocrx_word' id='word_1_281' title='bbox 408 2656 472 2691; x_wconf 91' lang='lat' dir='ltr'>OB</span> <span class='ocrx_word' id='word_1_282' title='bbox 542 2655 582 2689; x_wconf 85' lang='lat'>10</span> <span class='ocrx_word' id='word_1_283' title='bbox 601 2658 642 2689; x_wconf 90' lang='lat' dir='ltr'>ut</span> <span class='ocrx_word' id='word_1_284' title='bbox 659 2654 756 2690; x_wconf 86' lang='lat' dir='ltr'>om.C</span> <span class='ocrx_word' id='word_1_285' title='bbox 831 2654 871 2688; x_wconf 92' lang='grc'>11</span> <span class='ocrx_word' id='word_1_286' title='bbox 890 2653 1166 2699; x_wconf 76' lang='lat' dir='ltr'>configuntOml</span> <span class='ocrx_word' id='word_1_287' title='bbox 1263 2652 1307 2688; x_wconf 83' lang='lat'>12</span> <span class='ocrx_word' id='word_1_288' title='bbox 1323 2651 1567 2687; x_wconf 86' lang='lat' dir='ltr'>commouetD</span> <span class='ocrx_word' id='word_1_289' title='bbox 1637 2648 1679 2684; x_wconf 89' lang='lat'>13</span> <span class='ocrx_word' id='word_1_290' title='bbox 1695 2647 1781 2683; x_wconf 78' lang='lat' dir='ltr'>dan·</span> 
     </span>
     <span class='ocr_line' id='line_1_32' title="bbox 210 2707 1782 2758; baseline -0.003 -11"><span class='ocrx_word' id='word_1_291' title='bbox 210 2717 300 2749; x_wconf 85' lang='lat' dir='ltr'>nant</span> <span class='ocrx_word' id='word_1_292' title='bbox 312 2715 343 2750; x_wconf 90' lang='lat' dir='ltr'><em>B</em></span> <span class='ocrx_word' id='word_1_293' title='bbox 398 2714 440 2749; x_wconf 88' lang='lat'>15</span> <span class='ocrx_word' id='word_1_294' title='bbox 456 2713 669 2749; x_wconf 85' lang='lat' dir='ltr'>abstinentis</span> <span class='ocrx_word' id='word_1_295' title='bbox 681 2713 710 2749; x_wconf 90' lang='lat' dir='ltr'>C&#39;</span> <span class='ocrx_word' id='word_1_296' title='bbox 771 2713 813 2748; x_wconf 88' lang='grc'>16</span> <span class='ocrx_word' id='word_1_297' title='bbox 830 2712 1013 2758; x_wconf 78' lang='lat' dir='ltr'>putantes]</span> <span class='ocrx_word' id='word_1_298' title='bbox 1030 2715 1159 2758; x_wconf 81' lang='lat' dir='ltr'>putant</span> <span class='ocrx_word' id='word_1_299' title='bbox 1170 2713 1203 2748; x_wconf 92' lang='lat' dir='ltr'><em>D</em></span> <span class='ocrx_word' id='word_1_300' title='bbox 1258 2710 1301 2746; x_wconf 88' lang='grc'>19</span> <span class='ocrx_word' id='word_1_301' title='bbox 1318 2711 1527 2755; x_wconf 74' lang='lat' dir='ltr'>constantD</span> <span class='ocrx_word' id='word_1_302' title='bbox 1542 2709 1708 2744; x_wconf 72' lang='lat' dir='ltr'>constant</span> <span class='ocrx_word' id='word_1_303' title='bbox 1719 2707 1782 2743; x_wconf 86' lang='lat' dir='ltr'>EF</span> 
     </span>
     <span class='ocr_line' id='line_1_33' title="bbox 210 2766 1781 2820; baseline -0.003 -13"><span class='ocrx_word' id='word_1_304' title='bbox 210 2773 254 2808; x_wconf 92' lang='grc'>20</span> <span class='ocrx_word' id='word_1_305' title='bbox 270 2772 418 2808; x_wconf 87' lang='lat' dir='ltr'>nimiam</span> <span class='ocrx_word' id='word_1_306' title='bbox 430 2774 448 2809; x_wconf 82' lang='lat' dir='ltr'><strong><em>b</em></strong></span> <span class='ocrx_word' id='word_1_307' title='bbox 510 2773 554 2809; x_wconf 82' lang='lat'>22</span> <span class='ocrx_word' id='word_1_308' title='bbox 571 2772 725 2820; x_wconf 82' lang='lat' dir='ltr'>pelagini</span> <span class='ocrx_word' id='word_1_309' title='bbox 739 2771 771 2806; x_wconf 88' lang='lat' dir='ltr'><em>B</em></span> <span class='ocrx_word' id='word_1_310' title='bbox 838 2772 881 2807; x_wconf 82' lang='lat'>23</span> <span class='ocrx_word' id='word_1_311' title='bbox 898 2771 1187 2808; x_wconf 82' lang='lat' dir='ltr'>manichaeiOmI</span> <span class='ocrx_word' id='word_1_312' title='bbox 1258 2773 1295 2807; x_wconf 84' lang='lat' dir='ltr'>et</span> <span class='ocrx_word' id='word_1_313' title='bbox 1310 2779 1430 2806; x_wconf 88' lang='lat' dir='ltr'>eorum</span> <span class='ocrx_word' id='word_1_314' title='bbox 1447 2770 1498 2814; x_wconf 82' lang='lat' dir='ltr'>(et</span> <span class='ocrx_word' id='word_1_315' title='bbox 1514 2779 1533 2804; x_wconf 87' lang='lat' dir='ltr'>e</span> <span class='ocrx_word' id='word_1_316' title='bbox 1549 2778 1575 2804; x_wconf 79' lang='lat' dir='ltr'>s.</span> <span class='ocrx_word' id='word_1_317' title='bbox 1594 2778 1660 2804; x_wconf 70' lang='lat' dir='ltr'>ras.</span> <span class='ocrx_word' id='word_1_318' title='bbox 1671 2766 1781 2812; x_wconf 84' lang='lat' dir='ltr'>m2)o</span> 
     </span>
     <span class='ocr_line' id='line_1_34' title="bbox 210 2831 788 2869; baseline 0.002 -2"><span class='ocrx_word' id='word_1_319' title='bbox 210 2831 253 2868; x_wconf 88' lang='grc'>24</span> <span class='ocrx_word' id='word_1_320' title='bbox 268 2832 596 2868; x_wconf 83' lang='lat' dir='ltr'>anathematizandi</span> <span class='ocrx_word' id='word_1_321' title='bbox 616 2833 788 2869; x_wconf 82' lang='lat' dir='ltr'>BDEde</span> 
     </span>
    </p>
   </div>
   <div class='ocr_carea' id='block_1_6' title="bbox 1936 0 2028 3204">
    <p class='ocr_par' dir='ltr' id='par_1_6' title="bbox 1936 0 2028 3204">
     <span class='ocr_line' id='line_1_35' title="bbox 1936 0 2028 3204; baseline 0 0"><span class='ocrx_word' id='word_1_322' title='bbox 1936 0 2028 3204; x_wconf 95' lang='lat' dir='ltr'> </span> 
     </span>
    </p>
   </div>
  </div>
 </body>
</html>
