2028 3204
266 183 347 225 292
790 192 854 229 lIL
889 192 942 229 De
973 194 1101 230 natura
1132 198 1168 229 et
1199 193 1312 239 gratia

264 333 306 361 m
324 333 350 361 u
370 334 395 361 n
414 319 441 361 d
460 333 485 361 ιι
504 333 545 360 111
587 333 608 360 e
626 324 644 361 t
702 332 719 361 s
738 318 793 361 in
811 333 832 361 e
875 332 901 374 p
919 332 940 361 e
958 332 979 361 c
997 332 1018 361 c
1036 333 1060 361 a
1078 323 1095 360 t
1114 332 1151 369 o,
1195 318 1285 373 quis
1326 318 1457 361 nescit
1498 320 1551 362 ad
1594 319 1718 362 istam
1750 333 1841 375 per-

268 384 491 426 fectionem
528 385 839 440 perducendum
875 397 945 426 cor
978 385 1197 433 mundum,
1233 384 1334 426 dum
1369 383 1540 426 interior
1572 385 1696 427 homo
1724 398 1840 428 reno-

266 456 393 492 uatur
410 451 460 492 de
479 449 544 491 die
564 449 604 491 in
624 449 747 499 diem,
778 461 860 491 non
889 455 1031 491 tamen
1050 449 1136 492 sine
1154 448 1289 501 gratia
1307 449 1374 492 dei
1392 463 1464 504 per
1479 449 1617 492 Iesum
1630 450 1840 493 Christum

267 515 485 557 dominum
505 514 728 557 nostrum?
767 515 868 556 item
890 515 999 569 quod
1023 514 1084 557 ait
1106 514 1212 570 ipsc:
1235 529 1261 557 u
1280 514 1292 556 i
1310 528 1329 556 r
1362 528 1384 557 c
1401 529 1425 557 a
1442 528 1459 557 s
1478 520 1495 557 t
1514 529 1540 557 u
1557 529 1575 557 s
1611 529 1632 558 e
1650 521 1668 557 t
1709 529 1727 557 s
1748 515 1802 558 in
1819 530 1840 558 e

266 585 526 635 peccato
567 585 954 635 potestatem
987 579 1236 635 accepit
1270 594 1295 622 a
1343 581 1449 622 deo
1484 594 1613 622 esse
1650 580 1833 623 filius
1864 594 1881 621 5

265 647 330 688 de
350 645 374 694 i,
402 645 547 701 utique
580 645 828 695 ammonuit,
853 659 904 687 ne
929 659 1024 687 cum
1049 645 1222 701 quisque
1248 645 1383 688 factus
1410 645 1534 687 fuerit
1558 645 1617 688 ita
1642 651 1781 688 castus
1797 652 1837 688 et

265 711 351 753 sine
364 716 535 767 peccato
550 736 602 741 -
613 712 724 766 quod
740 710 813 753 ubi
826 716 867 753 et
882 712 1050 765 quando
1065 710 1107 753 in
1121 725 1168 753 eo
1182 710 1424 765 perficiatur
1436 711 1635 753 nonnulla
1650 711 1838 766 quaestio

265 782 340 826 est,
387 778 457 819 sed
503 776 612 818 inter
653 776 741 831 pios
786 777 888 818 benc
929 776 1157 831 quaeritur,
1187 775 1296 818 inter
1335 789 1437 831 quos
1482 782 1623 818 tamen
1677 782 1841 818 constat

266 842 355 884 fieri
380 856 499 898 posse
526 847 568 885 et
594 842 680 884 sine
706 842 935 883 mediatore
961 841 1028 883 dei
1054 847 1095 884 et
1120 841 1338 883 hominum
1363 841 1529 883 homine
1556 841 1718 883 Christo
1749 842 1841 884 Iesu

266 907 355 949 fieri
375 922 457 950 non
479 922 597 962 posse
609 933 672 957 ——,
686 913 902 952 tamen.ut
922 907 1056 949 dicere
1077 920 1306 962 coeperam,
1329 908 1556 962 prudenter
1574 907 1736 962 Xystus
1757 920 1843 949 am·
1875 919 1912 947 10
1980 945 1984 949 .

265 973 442 1023 monuit,
472 988 522 1016 ne
551 987 646 1016 cum
677 973 800 1015 fuerit
831 972 1004 1028 quisque
1033 972 1127 1014 talis
1157 972 1292 1015 factus
1321 978 1362 1014 et
1392 985 1465 1027 per
1490 973 1568 1014 hoc
1597 977 1706 1014 recte
1736 971 1844 1014 inter

265 1038 331 1081 dei
370 1038 475 1081 filios
513 1040 755 1094 deputatus,
794 1043 968 1094 putetur
1003 1037 1132 1093 ipsius
1171 1037 1294 1080 fuisse
1332 1037 1567 1092 potestatis,
1607 1051 1734 1092 quam
1772 1050 1845 1092 per

264 1104 444 1159 gratiam
478 1104 638 1160 accepit
659 1119 683 1146 a
704 1104 794 1154 deo,
826 1117 921 1146 cum
942 1118 1034 1145 eam
1055 1117 1137 1145 non
1159 1104 1331 1145 haberet
1352 1102 1393 1145 in
1415 1108 1567 1145 natura
1587 1102 1671 1144 iam
1693 1101 1842 1144 uitiata

265 1176 393 1225 atque
412 1171 658 1225 deprauata,
678 1168 786 1211 sicut
804 1168 845 1211 in
865 1168 1078 1224 euangelio
1097 1168 1266 1224 legitur:
1296 1182 1319 1223 q
1340 1183 1366 1211 u
1384 1182 1407 1210 0
1425 1173 1443 1210 t
1462 1181 1489 1223 q
1506 1182 1532 1210 ιι
1550 1182 1572 1210 0
1590 1172 1609 1209 t.
1642 1182 1666 1210 a
1685 1182 1710 1210 u
1729 1173 1746 1209 t
1764 1181 1784 1209 e
1803 1181 1844 1209 m

267 1241 642 1308 receperunt
689 1249 826 1284 cum,
874 1234 1049 1276 dedit
1095 1234 1181 1276 eis
1228 1239 1615 1289 potestatem
1663 1232 1844 1275 filios
1877 1244 1913 1272 15

267 1302 293 1343 d
312 1315 332 1343 e
351 1301 363 1342 i
414 1301 456 1341 f
447 1314 458 1342 1
476 1315 496 1342 e
514 1300 581 1351 ri;
633 1301 744 1355 quod
779 1299 926 1355 utique
959 1313 1044 1342 non
1078 1305 1198 1342 erant
1233 1312 1306 1354 per
1337 1304 1534 1341 naturam
1568 1312 1642 1341 nec
1677 1298 1845 1340 omnino

268 1372 419 1416 essrnt,
448 1366 526 1408 nisi
553 1380 647 1408 eum
675 1365 910 1421 recipiendo
936 1364 1192 1420 accepissent
1210 1378 1283 1420 per
1299 1364 1384 1406 eius
1402 1363 1582 1420 gratiam
1607 1362 1846 1406 huiusmodi

267 1438 405 1487 potest
409 1437 534 1474 a.trm
555 1433 657 1473 haec
675 1436 737 1473 est
756 1436 955 1486 potestas,
975 1444 1102 1485 quam
1120 1430 1198 1472 sibi
1216 1429 1401 1473 uindicat
1420 1429 1624 1471 fortitudo
1642 1428 1843 1477 caritatis,

268 1512 337 1553 qu
326 1512 373 1540 ae
396 1512 478 1540 non
502 1503 564 1539 est
587 1497 627 1540 in
646 1496 766 1539 nobis
788 1496 867 1539 nisi
890 1509 962 1551 per
978 1495 1171 1551 spiritum
1188 1501 1381 1538 sanctum
1400 1494 1471 1550 qui
1487 1495 1612 1536 datus
1630 1499 1693 1536 est
1711 1493 1843 1536 nobis.

376 1564 407 1604 Ι
410 1563 502 1605 XV
530 1563 591 1604 78.
639 1562 746 1612 Quid
771 1562 898 1604 etiam
921 1561 1141 1616 presbyter
1164 1560 1409 1603 uenerabilis
1434 1559 1621 1614 Hierony
1623 1573 1714 1601 mus
1738 1558 1845 1601 dixit
1874 1570 1916 1600 20
1987 1561 1991 1566 '

267 1628 308 1671 in
326 1628 402 1679 his,
420 1642 525 1683 quae
540 1628 664 1670 illum
671 1628 823 1670 dixisse
837 1631 1150 1674 commemorat
1167 1640 1262 1668 cum
1276 1630 1501 1680 exponeret
1518 1625 1628 1680 quod
1643 1624 1845 1679 scriptum

270 1700 352 1736 est:
412 1694 475 1735 be
494 1693 586 1735 ati
641 1693 856 1735 mundo
922 1692 1114 1739 corde
1173 1690 1459 1746 quoniam
1502 1689 1623 1744 ipsi
1677 1690 1845 1731 deum

268 1758 605 1802 uidebunt?
656 1771 803 1811 quos
852 1770 963 1799 non
1011 1770 1109 1809 aro
1106 1757 1222 1799 ·uit
1269 1755 1669 1798 conscientia
1721 1753 1847 1796 ulla

268 1824 517 1880 peccati
571 1830 612 1866 et
657 1823 827 1866 adiecit:
901 1792 1156 1865 mundus
1213 1821 1426 1864 mundo
1483 1819 1663 1863 corde
1721 1832 1846 1862 con-

271 1890 562 1945 spicitur,
596 1888 890 1944 templum
922 1888 1018 1931 dei
1050 1902 1163 1931 non
1195 1891 1381 1943 potest
1413 1899 1526 1928 esse
1557 1884 1845 1941 pollutum.
1876 1896 1917 1926 25

268 1957 347 1998 hoc
363 1955 508 2011 utique
531 1955 669 2010 agitur
688 1954 726 1997 in
752 1954 868 1997 nobis
887 1954 1090 2003 conando,
1108 1953 1350 2002 laborando,
1379 1951 1548 2002 orando,
1572 1950 1847 2006 impetrando,

270 2026 318 2063 ut
355 2022 409 2063 ad
445 2021 559 2063 illam
594 2019 905 2076 perfectionem,
941 2019 983 2062 in
1019 2032 1102 2074 qua
1136 2017 1340 2073 possimus
1375 2018 1499 2060 deum
1534 2017 1690 2059 mundo
1725 2015 1847 2058 corde

270 2087 519 2142 conspicere,
549 2086 635 2129 eius
662 2085 798 2142 gratia
825 2085 1103 2141 perducamur
1129 2097 1202 2139 per
1230 2083 1367 2125 Iesum
1394 2082 1605 2125 Christum
1631 2080 1847 2123 dominum

272 2157 475 2195 nostrum.
526 2152 626 2194 item
659 2152 771 2206 quod
804 2151 863 2193 ait
909 2164 934 2192 a
965 2154 1196 2192 memorato
1243 2148 1403 2191 dictum
1451 2161 1537 2189 esse
1584 2146 1847 2202 presbytero:

369 2260 389 2294 2
409 2258 452 2294 cf.
476 2259 511 2293 Il
533 2259 606 2294 Cor.
630 2260 662 2298 4,
683 2258 722 2293 16
767 2260 787 2293 4
807 2257 914 2303 Xysti
930 2257 1034 2303 episc.
1053 2260 1157 2292 tract.
1219 2257 1240 2291 9
1260 2255 1304 2291 cf.
1329 2254 1347 2289 1
1363 2254 1450 2290 Tim.
1473 2256 1503 2296 2,
1527 2255 1548 2289 5
1597 2254 1637 2288 14
1660 2253 1735 2287 1011.
1755 2254 1786 2293 1,
1805 2254 1846 2288 12

276 2320 319 2354 22
340 2319 470 2354 Matth.
491 2319 522 2359 5,
545 2319 565 2354 8
715 2318 758 2353 24
781 2317 826 2352 cf.
856 2315 1063 2362 Hieronymi
1094 2316 1289 2352 Comment.
1315 2314 1352 2349 in
1375 2324 1498 2360 euang.
1527 2312 1702 2348 Matthaei
1728 2312 1745 2347 I
1767 2312 1801 2353 5,
1827 2312 1847 2346 8
1968 2330 1990 2370 5,

279 2377 423 2423 (xxvi
446 2380 491 2414 34
516 2379 566 2422 M)
1970 2367 1991 2419 ἔ

366 2451 385 2484 2
402 2450 487 2485 dum
505 2448 703 2484 om.LPVB
806 2449 827 2484 8
846 2448 936 2483 bone
953 2447 972 2482 b
1075 2449 1216 2482 constet
1231 2446 1349 2481 LDmI
1358 2444 1422 2480 PB
1533 2443 1578 2479 10
1592 2443 1705 2479 xistus
1720 2441 1851 2477 LDBC

277 2508 393 2544 sixtus
409 2509 427 2544 b
549 2510 589 2543 12
604 2507 693 2543 filios
709 2507 766 2543 dei
780 2507 822 2542 bd
933 2506 1108 2553 deputam
1126 2506 1157 2540 Β
1276 2507 1319 2541 13
1336 2515 1377 2539 ea
1392 2504 1423 2538 R
1533 2502 1605 2538 iam
1618 2513 1683 2538 om.
1698 2501 1855 2537 LDmlB

279 2568 322 2604 15
338 2571 567 2614 recoeperunt
580 2567 609 2602 Ο
701 2569 742 2602 18
758 2566 893 2602 uidicat
909 2567 990 2602 Dm]
1009 2565 1150 2601 uedicat
1165 2565 1183 2600 b
1275 2565 1317 2600 20
1335 2563 1426 2610 Quid
1444 2561 1567 2609 etiam]
1589 2560 1692 2607 Quod
1708 2571 1792 2596 uero
1808 2559 1850 2595 bd

276 2627 450 2674 presbiter
465 2628 565 2663 LDB
585 2626 776 2673 praesbiter
798 2626 892 2661 PCE
915 2625 999 2672 prbt
1016 2625 1047 2659 R
1154 2624 1368 2660 hieronimus
1379 2623 1471 2659 codd.
1593 2622 1633 2657 21
1648 2620 1772 2666 hisque
1785 2619 1850 2655 LB

281 2689 325 2723 22
346 2687 471 2723 mundi
491 2686 595 2722 corde
620 2688 651 2722 P
752 2685 795 2721 25
815 2685 998 2732 pullutum
1022 2685 1052 2719 Β
1074 2683 1235 2729 polutum
1258 2684 1344 2720 Em]
1436 2682 1478 2718 27
1498 2680 1697 2727 conspicere
1715 2679 1848 2715 mundo

279 2747 383 2783 corde
400 2748 419 2782 b
535 2747 577 2782 28
592 2757 653 2783 eus
670 2745 756 2781 le
877 2744 987 2780 iesum
1001 2743 1236 2779 s.l.Vm2Eml
1357 2742 1401 2778 29
1414 2739 1629 2788 praesbitero
1641 2739 1739 2775 LVE
1756 2749 1851 2786 pres·

277 2806 390 2842 bitero
407 2806 469 2841 DC'
487 2807 714 2853 praesbytero
733 2805 763 2840 P
