1976 3210
157 997 196 1025 10

157 1998 198 2027 25

860 258 937 295 cap.
970 248 1002 289 2,
1035 249 1134 290 2-4,
1164 247 1185 282 6
1730 235 1808 277 157

222 376 379 427 diuina,
392 374 625 431 reprimunt
635 387 678 417 se
690 386 764 416 nec
775 374 883 416 hanc
893 386 1040 416 uocem
1057 373 1215 416 audent
1229 372 1433 423 emittere,
1447 371 1645 427 quoniam
1666 371 1811 414 uident

223 455 350 499 quam
367 442 423 484 sit
439 441 570 496 impia
586 444 629 483 et
640 453 723 483 non
735 439 916 482 ferenda.
935 439 1009 482 sed
1020 439 1140 482 aiunt
1156 439 1248 481 ideo
1267 439 1349 481 ista
1365 438 1452 481 sine
1471 451 1548 493 ope
1565 437 1710 482 diuina
1727 451 1811 480 non

224 509 328 560 fieri,
349 508 448 563 quia
467 512 509 550 et
528 507 740 550 hominem
760 507 862 549 deus
881 506 1039 548 creauit
1059 519 1154 548 cum
1174 505 1301 548 libero
1323 504 1556 547 uoluntatis
1575 503 1749 547 arbitrio
1769 509 1811 546 et

222 575 363 618 dando
394 577 618 630 praecepta
646 573 737 630 ipse
767 572 890 615 docet
920 572 1276 627 quemadmodum
1307 571 1467 614 homini
1496 570 1551 613 sit
1582 570 1810 613 uiuendum

223 646 266 684 et
288 641 331 683 in
354 654 401 683 eo
425 641 570 695 utique
594 639 785 690 adiuuat,
809 638 924 694 quod
945 638 1132 682 docendo
1156 638 1294 682 aufert
1316 637 1609 694 ignorantiam,
1635 642 1683 679 ut
1705 636 1811 679 sciat

221 707 347 751 homo
368 707 410 749 in
433 706 628 762 operibus
647 707 733 749 suis
755 705 857 761 quid
878 705 1036 748 euitare
1057 709 1099 747 et
1121 705 1223 760 quid
1245 704 1441 760 adpetere
1453 703 1619 753 debeat,
1645 716 1726 759 quo
1739 715 1812 758 per

222 773 399 816 liberum
415 772 636 816 arbitrium
650 771 899 816 naturaliter
912 771 1086 814 insitum
1102 771 1215 814 uiam
1230 770 1563 813 demonstratam
1579 769 1812 824 ingrediens

223 840 484 883 continenter
497 844 540 882 et
555 839 662 882 iuste
683 844 725 882 et
745 838 811 894 pie
831 836 1012 880 uiuendo
1034 837 1084 880 ad
1115 837 1284 880 beatam
1315 837 1574 891 eandemque
1595 841 1810 878 aeternam

224 905 357 949 uitam
386 905 600 961 peruenire
628 909 849 948 mereatur.

334 983 412 1026 III.
443 983 480 1025 5.
514 983 599 1025 Nos
622 988 764 1026 autem
788 982 965 1025 dicimus
987 983 1217 1025 humanam
1241 980 1505 1024 uoluntatem
1528 980 1586 1023 sie
1608 979 1812 1022 diuinitus

224 1049 416 1093 adiuuari
438 1050 492 1092 ad
515 1049 749 1092 faciendam
773 1048 992 1100 iustitiam,
1017 1054 1065 1090 ut
1087 1052 1253 1104 praeter
1276 1047 1389 1102 quod
1412 1051 1577 1090 creatus
1600 1051 1663 1089 est
1684 1047 1811 1088 homo

223 1129 318 1159 cum
357 1115 485 1158 libero
530 1114 701 1158 arbitrio
756 1119 1004 1171 praeterque
1050 1114 1285 1157 doctrinam
1337 1127 1421 1169 qua
1474 1113 1508 1155 ei
1559 1111 1813 1168 praecipitur

226 1181 581 1238 quemadmodum
628 1182 767 1224 uiuere
811 1181 963 1223 debeat
1016 1180 1195 1236 accipiat
1238 1180 1431 1234 spiritum
1476 1184 1681 1230 sanetum,
1728 1191 1809 1233 quo

225 1247 303 1290 fiat
327 1248 369 1289 in
395 1248 533 1290 animo
559 1248 646 1290 eius
670 1247 892 1290 delectatio
918 1246 1168 1302 dilectioque
1193 1246 1347 1288 summi
1371 1245 1479 1288 illius
1505 1251 1632 1300 atque
1656 1245 1812 1287 incom-

179 1326 196 1354 5
224 1313 439 1356 mutabilis
475 1314 585 1365 boni,
625 1314 738 1370 quod
773 1314 874 1356 deus
907 1318 982 1363 est,
1017 1313 1142 1355 etiam
1178 1326 1289 1354 nunc
1329 1325 1423 1354 cum
1455 1325 1526 1367 per
1559 1311 1686 1353 fidem
1727 1324 1813 1352 am-

226 1379 407 1430 bulatur,
434 1380 619 1422 nondum
646 1394 718 1435 per
742 1379 933 1435 speciem,
962 1384 1009 1421 ut
1034 1379 1111 1421 hac
1136 1379 1212 1422 sibi
1242 1378 1354 1420 uelut
1379 1391 1473 1420 arra
1506 1378 1609 1420 data
1640 1375 1814 1432 gratuiti

225 1446 408 1488 muneris
436 1446 669 1489 inardescat
698 1446 907 1488 inhaerere
936 1445 1112 1487 creatori
1145 1450 1272 1500 atque
1300 1444 1585 1486 inflammetur
1622 1443 1813 1485 accedere

225 1512 280 1554 ad
303 1512 667 1567 participationem
692 1511 800 1554 illius
825 1511 912 1554 ueri
934 1511 1113 1562 luminis,
1150 1516 1198 1553 ut
1222 1525 1273 1554 ex
1297 1510 1365 1553 illo
1391 1509 1426 1553 ei
1451 1510 1554 1552 bene
1579 1510 1646 1560 sit,
1673 1524 1698 1552 a
1731 1522 1812 1564 quo

227 1577 354 1620 habet
371 1584 418 1620 ut
433 1579 499 1620 sit.
534 1592 630 1620 nam
648 1591 781 1633 neque
796 1577 971 1620 liberum
989 1577 1208 1620 arbitrium
1226 1576 1450 1632 quicquam
1468 1575 1546 1618 nisi
1571 1577 1625 1619 ad
1642 1589 1813 1631 peccan-

157 1657 173 1685 2
227 1645 327 1686 dum
352 1643 477 1695 ualet,
502 1644 536 1687 si
558 1643 689 1687 lateat
713 1643 904 1686 ueritatis
927 1644 1014 1693 uia3
1040 1648 1081 1686 et
1104 1658 1199 1686 cum
1224 1644 1266 1685 id
1289 1644 1398 1699 quod
1425 1643 1631 1698 agendum
1656 1648 1696 1684 et
1731 1655 1813 1697 quo

226 1710 444 1753 nitendum
465 1716 527 1752 est
547 1710 728 1766 coeperit
749 1724 830 1752 non
851 1709 992 1761 latere,
1014 1710 1091 1753 nisi
1112 1711 1238 1752 etiam
1259 1709 1439 1752 delectet
1460 1714 1501 1751 et
1532 1713 1707 1758 ametur,
1730 1721 1812 1750 non

227 1776 376 1832 agitur,
398 1790 480 1818 non
501 1777 737 1832 suscipitur,
758 1790 841 1818 non
862 1777 966 1819 bene
986 1777 1155 1819 uiuitur.
1192 1780 1240 1819 ut
1261 1782 1402 1819 autem
1423 1775 1631 1827 diligatur,
1662 1775 1814 1817 caritas

226 1842 293 1885 dei
314 1842 566 1885 diffunditur
587 1843 629 1885 in
651 1843 844 1885 cordibus
865 1843 1018 1885 nostris
1039 1857 1121 1885 non
1143 1856 1216 1898 per
1237 1842 1454 1884 arbitrium
1478 1842 1668 1892 liberum,
1702 1840 1809 1896 quod

226 1908 356 1964 surgit
376 1922 427 1951 ex
445 1908 578 1960 nobis,
598 1909 670 1951 sed
690 1922 762 1964 per
780 1909 973 1964 spiritum
993 1914 1199 1960 sanctum,
1222 1909 1293 1964 qui
1312 1909 1438 1951 datus
1457 1914 1519 1950 est
1540 1907 1670 1949 nobis.

336 1986 404 2029 lv.
425 1987 462 2029 6.
483 1987 686 2029 Doctrina
703 1987 858 2042 quippe
875 1986 957 2038 illa,
978 2000 1061 2042 qua
1079 1986 1327 2029 mandatum
1347 1986 1573 2041 accipimus
1600 1985 1814 2027 continen—

226 2056 290 2094 ter
304 2057 496 2108 reeteque
512 2053 693 2104 uiuendi,
709 2053 850 2096 littera
865 2058 927 2095 est
943 2053 1146 2104 occidens,
1174 2052 1251 2095 nisi
1267 2052 1377 2095 adsit
1392 2052 1612 2094 uiuificans
1628 2051 1810 2106 spiritus.

318 2213 360 2249 15
376 2212 420 2249 cf.
438 2213 474 2249 II
490 2214 565 2249 Cor.
581 2214 614 2256 5,
630 2215 649 2249 7
743 2214 786 2250 18
800 2214 844 2250 cf.
862 2214 936 2250 Ioh.
955 2216 986 2257 1,
1001 2215 1022 2250 9
1113 2214 1157 2250 22
1173 2213 1218 2249 cf.
1236 2214 1339 2249 Rom.
1357 2213 1389 2255 5,
1406 2213 1427 2248 5

323 2333 340 2368 1
360 2342 397 2366 se
414 2332 448 2378 (e
466 2343 508 2367 ex
520 2331 645 2378 im2)L
707 2343 829 2369 uocem
847 2333 939 2369 hanc
952 2333 971 2368 b
1050 2333 1156 2380 hanc]
1167 2333 1300 2369 habent
1311 2332 1340 2368 C
1407 2333 1560 2368 audente
1575 2332 1717 2368 mittere
1728 2333 1811 2367 Lml

229 2391 250 2426 2
262 2390 480 2428 referendaS
498 2392 652 2428 uerenda
662 2392 680 2427 b
770 2395 792 2429 3
805 2392 940 2429 creabit
953 2393 982 2429 0
1072 2395 1093 2429 4
1105 2393 1236 2429 damdo
1251 2393 1282 2428 T
1362 2397 1548 2439 praecepto
1560 2393 1651 2428 Km1
1728 2403 1813 2437 quo-

227 2451 332 2487 modo
345 2451 364 2486 b
468 2450 660 2488 hominisG
783 2453 805 2488 5
819 2453 857 2488 in
875 2453 930 2499 eo]
940 2452 1020 2488 ideo
1031 2453 1050 2489 b
1168 2454 1190 2489 6
1204 2452 1290 2499 quid
1306 2453 1345 2499 (d
1357 2453 1484 2499 s.l.m2)
1497 2451 1658 2488 deuitare
1668 2452 1703 2487 K
1717 2450 1813 2497 quod

228 2509 364 2546 euitare
379 2511 430 2546 Tb
528 2511 588 2547 alt.
605 2512 701 2558 quod
714 2512 733 2547 b
849 2523 911 2559 per
919 2524 984 2549 om.
1000 2513 1031 2548 T
1158 2514 1178 2549 7
1193 2512 1272 2548 uiti
1285 2512 1532 2549 demonstrata
1541 2512 1572 2547 T
1683 2512 1705 2546 8
1719 2510 1815 2557 piaG

229 2570 252 2605 9
264 2580 462 2615 mereamur
475 2571 507 2617 (t
520 2581 547 2607 ε.
563 2572 615 2617 m)
627 2571 724 2608 POT
770 2572 812 2609 10
826 2572 857 2608 si
866 2573 958 2608 Km1
993 2570 1196 2617 diuinitatis
1205 2573 1245 2618 (u
1255 2583 1282 2608 ε.
1295 2570 1321 2618 i)
1333 2572 1366 2608 P
1402 2574 1445 2608 12
1460 2572 1585 2618 libero]
1595 2572 1673 2607 add.
1690 2571 1813 2606 uolun-

230 2629 364 2666 tatiszb
446 2631 522 2667 arb.
533 2631 603 2668 uol.
615 2631 638 2667 d
726 2633 768 2668 14
778 2631 922 2668 dilectio
937 2643 1006 2679 que
1019 2633 1051 2668 T
1127 2634 1170 2669 15
1185 2631 1281 2679 cum]
1295 2633 1374 2668 add.
1391 2631 1508 2668 adhuc
1517 2632 1568 2674 κά,
1580 2632 1598 2666 b
1612 2632 1730 2666 adhuc
1739 2632 1814 2675 post

229 2688 340 2726 fidem
352 2701 433 2735 pon.
567 2691 611 2727 16
629 2691 756 2728 han-cO
915 2692 1020 2728 arrha
1029 2691 1052 2727 d
1191 2692 1351 2739 gratuitu
1361 2692 1446 2727 Lml
1451 2692 1539 2727 Pml
1556 2690 1715 2737 gratuita
1724 2690 1809 2725 le

231 2750 274 2786 17
291 2749 453 2786 ardescat
465 2750 497 2786 T
626 2752 669 2787 18
681 2750 752 2787 sita
766 2762 836 2798 quo
846 2751 883 2787 K
892 2762 954 2788 α.ο.
1083 2752 1126 2788 19
1142 2751 1338 2798 quidquam
1345 2752 1410 2788 GT
1532 2752 1575 2786 20
1592 2755 1629 2785 et
1639 2749 1760 2796 quomS'
1776 2752 1814 2784 et

231 2808 396 2855 quode
454 2810 496 2846 21
515 2809 745 2847 delecteturO
806 2812 850 2847 22
866 2810 937 2847 nisi
950 2810 1171 2859 suscipiturb
1239 2813 1283 2848 23
1299 2811 1360 2847 lib.
1379 2812 1453 2847 arb.
1466 2811 1485 2845 b
1545 2811 1586 2846 24
1605 2808 1708 2845 uobis
1717 2809 1810 2844 Km1

231 2866 296 2915 qui
306 2868 363 2904 m2
372 2879 415 2905 ex
424 2879 494 2916 quo
504 2869 535 2906 L
626 2870 670 2906 25
684 2869 883 2918 accepimus
896 2871 928 2907 T
1022 2871 1066 2908 26
1077 2870 1236 2907 uiuioans
1246 2869 1339 2907 Km1
