1976 3210
250 302 277 343 8
627 310 653 347 Ι.
681 310 734 346 De
765 312 987 357 peccatorum
1019 309 1151 346 meritis
1180 312 1218 346 et
1247 309 1448 347 remissione

249 440 418 491 propter
442 435 676 492 peccatum‘
712 436 811 491 quid
846 435 958 478 aliud
985 448 1112 490 quam
1137 435 1285 478 merito
1310 434 1472 491 peccati
1495 434 1730 491 intellegere
1754 435 1823 478 de-

250 502 396 544 bemus
423 507 498 544 aut
523 515 755 558 possumuS,
781 501 816 544 si
842 501 1151 557 apertissimum
1175 501 1404 556 scripturae
1430 514 1596 544 sensum
1631 515 1714 544 non
1748 514 1822 557 pro

248 567 420 609 arbitrio
450 573 685 622 peruertere
715 580 763 610 ac
790 567 1037 623 detorquere
1066 567 1289 610 conamur?
1320 567 1415 609 huic
1444 567 1573 609 etiam
1602 566 1822 609 uerborum

249 634 592 688 consequentium
618 634 758 676 lumen
783 634 956 676 accedit.
1000 646 1095 675 cum
1120 633 1230 676 enim
1255 633 1485 689 praesentis
1510 632 1709 688 temporis
1733 646 1823 688 gra·

251 699 354 741 tiam
389 699 671 743 determinans
707 699 862 742 diceret
896 704 1109 742 mortuum
1146 699 1314 754 quidem
1349 712 1435 740 esse
1471 711 1619 754 corpus
1654 703 1824 754 propter
1850 711 1867 739 5

249 770 480 820 peccatum,
508 765 606 820 quia
629 766 672 808 in
695 778 742 808 eo
766 766 953 808 nondum
976 778 1049 820 per
1071 765 1414 808 resurrectionem
1437 768 1639 806 renouato
1663 764 1823 820 peccati

248 830 445 873 meritum
474 836 629 882 manet,
660 832 737 874 hoc
765 836 828 874 est
855 830 1078 874 necessitas
1107 830 1265 881 mortis,
1296 830 1490 885 spiritum
1519 834 1661 872 autem
1690 829 1822 872 uitam

248 910 335 939 csse
357 901 528 951 propter
548 896 767 948 iustitiam,
792 896 891 952 quia
910 896 1005 939 licet
1027 897 1164 938 adhuc
1184 909 1352 951 corpore
1375 895 1520 938 mortis
1543 895 1663 938 huius
1686 908 1824 938 onere-

247 976 341 1004 mur
360 961 444 1003 iam
465 964 693 1005 secundum
713 962 950 1005 interiorem
972 962 1182 1004 hominem
1202 966 1352 1017 coepta
1371 960 1642 1004 renouatione
1662 961 1704 1003 in
1725 960 1822 1002 fidei

249 1026 457 1069 iustitiam
474 1028 737 1083 respiramus,
757 1032 913 1079 tamen,
932 1041 984 1070 ne
1002 1027 1188 1069 humana
1205 1026 1443 1081 ignorantia
1459 1026 1510 1069 de
1528 1025 1824 1069 resurrectione

248 1092 429 1148 corporis
453 1092 556 1135 nihil
579 1098 776 1149 speraret,
801 1093 929 1136 etiam
952 1093 1101 1148 ipsum,
1116 1092 1227 1148 quod
1250 1097 1421 1148 propter
1443 1091 1640 1134 meritum
1663 1091 1823 1147 peccati

248 1159 291 1201 in
319 1159 530 1214 praesenti
558 1159 721 1201 saeculo
749 1158 913 1202 di'xerat
942 1163 1167 1209 mortuum,
1198 1158 1240 1201 in
1270 1158 1412 1201 futuro
1441 1162 1611 1214 propter
1638 1157 1823 1200 iustitiae

248 1225 446 1266 meritum
470 1224 573 1267 dicit
597 1225 899 1268 uiuificandum
923 1238 999 1267 nec
1022 1224 1092 1274 sic,
1133 1228 1181 1266 ut
1205 1229 1376 1266 tantum
1410 1238 1461 1266 ex
1485 1228 1651 1266 mortuo
1677 1223 1822 1266 uiuum

249 1291 340 1341 fiat,
367 1303 513 1332 uerum
538 1290 667 1333 etiam
691 1304 743 1333 ex
765 1290 934 1333 mortali
956 1289 1190 1332 inmortale.

356 1356 451 1398 VII.
478 1358 513 1400 7.
545 1357 809 1413 Quamquam
830 1356 974 1411 itaque
996 1369 1151 1406 uerear,
1175 1368 1226 1397 ne
1247 1368 1310 1397 res
1333 1354 1557 1397 manifesta
1578 1354 1823 1409 exponendo

248 1421 388 1477 potius
426 1423 680 1473 obscuretur,
719 1422 970 1478 apostolicae
1006 1427 1149 1464 tamen
1185 1420 1417 1463 sententiae
1452 1420 1592 1462 lumen
1629 1421 1820 1463 adtende.

249 1487 289 1530 si
321 1491 493 1530 autem
520 1489 762 1539 Christus
788 1488 940 1544 inquit,
974 1488 1025 1530 in
1059 1486 1215 1536 uobis,
1249 1499 1431 1541 corpus
1467 1486 1670 1541 quidem
1704 1499 1823 1528 mor-

249 1558 399 1595 tuum
440 1559 514 1596 est
558 1559 766 1609 propter
807 1558 1086 1609 peccatum,
1129 1552 1345 1606 spiritus
1386 1556 1558 1594 autem
1602 1552 1709 1594 uita
1749 1557 1824 1594 est

247 1624 458 1674 propter
491 1620 761 1663 iustitiam.
807 1621 884 1662 hoc
912 1620 1073 1663 dictum
1102 1623 1177 1668 est,
1208 1631 1259 1660 ne
1288 1618 1379 1660 ideo
1409 1622 1607 1672 putarent
1636 1618 1822 1660 homines

247 1685 313 1728 uel
331 1686 492 1728 nullum
521 1687 587 1729 uel
616 1699 794 1742 paruum
813 1699 855 1728 se
875 1685 1025 1728 habere
1046 1683 1294 1727 beneficium
1314 1684 1365 1725 de
1384 1684 1520 1738 gratia
1539 1682 1702 1734 Christi,
1726 1683 1823 1739 quia

247 1752 476 1794 necessario
503 1752 693 1794 morituri
718 1756 816 1794 sunt
841 1765 1021 1807 corpore.
1065 1750 1290 1792 adtendere
1316 1749 1469 1806 quippe
1494 1749 1648 1792 debent
1674 1763 1821 1805 corpus

248 1817 417 1872 quidem
444 1818 580 1861 adhuc
605 1817 766 1873 peccati
790 1817 986 1859 meritum
1010 1829 1160 1872 gerere,
1190 1816 1300 1870 quod
1322 1815 1554 1859 condicioni
1579 1815 1723 1857 mortis
1752 1814 1821 1858 ob-

246 1883 441 1926 strictum
474 1888 549 1931 est,
583 1884 653 1926 sed
686 1883 770 1925 iam
802 1883 995 1938 spiritum
1027 1882 1207 1937 coepisse
1241 1881 1379 1923 uiuere
1412 1886 1582 1937 propter
1613 1881 1821 1923 iustitiam

247 1949 357 1997 fidei,
388 1949 459 2004 qui
486 1954 528 1991 et
555 1949 640 2004 ipse
667 1948 709 1990 in
736 1948 902 1991 homine
930 1948 1066 1990 fuerat
1094 1947 1276 2003 quadam
1303 1951 1438 1989 morte
1464 1946 1725 1989 infidelitatis
1753 1959 1821 1987 ex-

248 2014 440 2057 stinctus.
463 2015 559 2057 ‘non
581 2014 734 2070 igitur‘,
747 2014 896 2069 inquit,
910 2015 1071 2069 ‘parum
1094 2012 1212 2056 uobis
1235 2012 1416 2055 muneris
1438 2012 1596 2068 putetis
1619 2025 1705 2054 esse
1728 2025 1822 2054 con-

247 2080 381 2123 latum
409 2094 482 2136 per
509 2080 551 2123 id
581 2081 692 2135 quod
720 2080 906 2123 Christus
932 2079 975 2122 in
1002 2079 1120 2122 uobis
1148 2084 1222 2129 est,
1253 2079 1363 2134 quod
1390 2078 1433 2121 in
1460 2091 1628 2133 corpore
1654 2082 1824 2133 propter

337 2223 412 2259 Scf.
428 2224 530 2258 Rom.
544 2225 575 2264 7,
589 2224 641 2258 24.
654 2224 696 2258 22
791 2224 832 2258 17
852 2224 952 2258 Rom.
972 2223 1003 2263 8,
1024 2223 1065 2258 10

338 2319 358 2352 2
371 2321 434 2353 aut
447 2318 486 2353 in
500 2329 566 2353 ras.
579 2317 664 2353 Gm2
749 2317 940 2352 scribturae
953 2317 1017 2362 (sic
1029 2316 1305 2361 saepwsimemv
1389 2317 1411 2351 3
1423 2316 1490 2351 hac
1503 2315 1533 2351 L
1623 2325 1819 2360 quonamur

247 2377 420 2413 Sleml
623 2376 717 2422 huic]
733 2377 802 2412 huc
817 2376 932 2412 KAM
935 2377 976 2411 bd
991 2387 1083 2411 nunc
1099 2376 1154 2411 m2
1171 2387 1212 2411 ex
1227 2376 1319 2410 hunc
1336 2375 1364 2410 C
1572 2376 1592 2410 4
1608 2372 1768 2410 accendit
1787 2373 1818 2407 T

247 2436 450 2472 accenditur
471 2437 511 2482 (ε.
535 2436 732 2472 attenditur
752 2436 853 2482 m2)0
943 2437 963 2470 5
985 2435 1096 2471 dicere
1118 2435 1161 2470 M
1236 2437 1378 2480 propter
1398 2445 1462 2470 om.
1481 2434 1514 2469 A
1588 2434 1610 2468 6
1631 2443 1712 2468 eum
1732 2432 1817 2467 Gml

249 2495 409 2532 renouati
435 2497 468 2531 A
604 2498 623 2532 7
652 2495 776 2531 merito
804 2496 837 2531 A
971 2495 1046 2530 uita
1073 2495 1117 2530 M
1251 2494 1272 2529 8
1295 2504 1478 2528 onoremur
1501 2494 1533 2527 A
1555 2493 1762 2528 honeremur
1788 2492 1818 2526 T

245 2556 267 2590 9
290 2555 359 2590 fide
381 2555 739 2591 ImlslemlPGA
919 2555 962 2590 10
977 2553 1149 2598 iustitiam
1171 2554 1208 2595 (a
1229 2553 1269 2588 in
1291 2563 1310 2588 e
1333 2552 1467 2598 mul.)P
1486 2551 1622 2588 iustitia
1643 2551 1729 2587 coni.
1757 2551 1818 2586 Be·

247 2615 412 2650 mediatim·
526 2614 677 2661 corporis
693 2613 939 2650 resurrectione
955 2614 1022 2649 KG
1027 2614 1056 2648 T
1179 2613 1217 2648 11
1236 2612 1285 2647 nil
1301 2612 1367 2648 KG
1483 2612 1525 2648 12
1541 2611 1705 2647 meritum
1720 2609 1818 2646 iusti-

249 2673 320 2709 tiae
337 2675 359 2708 d
445 2674 486 2710 15
503 2676 579 2718 post
595 2685 648 2710 res
666 2684 748 2709 eras.
767 2684 812 2708 ex
825 2674 855 2709 G
950 2674 990 2708 17
1008 2675 1082 2718 post
1098 2671 1198 2708 uobis
1215 2672 1291 2707 add.
1310 2674 1364 2707 est
1381 2671 1422 2706 bd
1498 2671 1541 2707 19
1557 2673 1631 2716 pose
1646 2670 1713 2705 hoc
1731 2680 1814 2705 eras.

249 2732 364 2767 ideoG
455 2734 498 2769 20
511 2744 635 2779 pamm
648 2733 775 2768 LSVP
864 2734 902 2768 21
920 2731 1089 2768 moritura
1102 2731 1194 2767 Km2
1285 2741 1429 2777 corpora
1440 2730 1478 2766 K
1568 2730 1610 2765 22
1624 2727 1816 2765 conditioni

249 2791 340 2827 voda.
504 2793 546 2828 23
559 2783 630 2838 εἶιῐ
639 2792 759 2828 GKAb
918 2791 1059 2827 iustiam
1071 2790 1136 2836 (sic
1151 2789 1306 2836 saepius)
1320 2790 1411 2826 sz
1528 2800 1532 2805 ·
1575 2790 1618 2825 24
1629 2788 1720 2824 hone
1729 2787 1812 2823 sz

249 2850 394 2897 quidam
433 2851 519 2886 le
611 2851 733 2887 mortis
767 2851 851 2887 Gml
943 2850 1119 2887 extinctus
1155 2849 1336 2886 SVGKAh
1425 2848 1469 2885 25
1500 2847 1600 2884 uobis
1615 2848 1618 2851 ’
1637 2857 1761 2894 pamm
1798 2846 1817 2881 b

249 2921 398 2954 paruum
424 2910 468 2945 M
559 2911 601 2946 26
629 2921 690 2957 per
715 2910 765 2957 id]
794 2909 884 2958 perit
909 2909 939 2946 0

1855 1037 1893 1066 ¹0

1854 1365 1890 1394 15

1850 1694 1892 1723 20

1850 2023 1890 2052 25
