2028 3204
280 245 360 290 680

282 369 496 412 interrogata
512 366 614 400 subst.
634 364 649 399 1
667 364 721 406 59,
739 365 792 400 26.
812 365 887 405 147,
906 365 936 399 7.
954 364 1031 405 312,

329 428 380 463 27.
406 427 483 466 370,
507 427 538 460 3.

282 487 532 530 interrumpere
567 483 758 518 sententias
795 481 830 517 II
866 483 941 523 258,
979 481 1029 517 15.

282 546 467 580 intersum:
482 543 581 589 quasi
594 542 704 577 flandi
716 546 855 576 tantum
869 552 1033 576 numerus

327 603 525 638 interfuerit
550 601 565 636 I
589 602 665 643 366,
691 602 721 636 7.

282 662 466 698 interualla
492 662 544 708 (z
564 661 718 705 Abscilze)
746 660 782 695 ΙΙ
809 661 883 702 112,
911 661 964 696 23.

282 733 534 769 interueniente
550 732 693 778 repudio
707 731 781 766 sine
795 731 939 766 crimine
953 742 1033 766 con-

328 793 463 828 ceditur
487 803 566 827 cum
592 791 669 827 aliis
685 791 754 826 alia
770 791 921 826 conubia
946 790 1033 836 (lege

328 853 431 888 huius
457 851 598 896 saeculi)
624 851 784 897 copulare
813 850 848 884 II
875 851 950 891 223,
979 850 1031 885 10.

327 912 538 947 efficientiae
559 911 719 956 potentia
744 909 959 956 operationis
986 909 1033 944 in-

330 971 481 1006 teruenit
508 970 543 1005 II
568 971 642 1011 264,
670 970 721 1005 15.

282 1043 451 1078 intestina
481 1042 613 1087 (subst.)
643 1040 795 1086 corporis
827 1039 842 1074 I
872 1040 948 1081 385,
980 1039 1032 1074 28.

281 1102 424 1137 intimo:
450 1101 537 1136 liber
561 1104 642 1135 tuae
668 1099 880 1135 reuerentiae
905 1110 966 1133 cur
989 1098 1035 1133 ad

330 1165 363 1196 te
392 1161 613 1206 potissimum
642 1160 767 1194 missus
795 1159 842 1194 sit
870 1158 943 1204 ipse
972 1169 1034 1193 suo

328 1221 497 1266 principio
533 1219 748 1254 commodius
781 1217 964 1253 intimabit
999 1216 1036 1251 ΙΙ

329 1282 406 1321 210,
436 1279 488 1314 25.
532 1290 653 1314 causas
682 1278 834 1313 breuiter
861 1277 1035 1312 intimabo

332 1339 366 1374 ΙΙ
392 1341 467 1380 212,
494 1340 545 1374 21.
585 1338 702 1373 conari
725 1349 783 1372 eos
807 1337 949 1382 quidem
975 1363 982 1371 .
1000 1363 1007 1371 .
1025 1364 1032 1371 .

330 1399 400 1434 tuis
425 1398 551 1433 litteris
575 1397 749 1432 intimasti
776 1396 792 1431 I
820 1398 873 1438 10,
901 1397 952 1431 11.
980 1396 1034 1437 64,

331 1459 382 1494 16.
415 1469 485 1492 non
503 1457 621 1503 potuit
639 1456 861 1492 excellentius
878 1455 1036 1490 intimari

333 1518 347 1552 l
364 1519 438 1559 107,
455 1519 485 1558 7,
501 1518 544 1561 cs.
563 1517 577 1551 Ι
595 1518 668 1558 132,
686 1518 714 1551 1.
743 1516 808 1550 hoc
821 1516 937 1561 ipsum
952 1517 1035 1560 peto

330 1577 430 1612 nobis
457 1577 620 1611 intimare
649 1575 800 1621 digneris
831 1574 847 1609 I
875 1575 952 1616 340,
981 1575 1035 1610 30.

330 1637 359 1671 si
386 1636 471 1670 haec
500 1636 607 1670 uerba
636 1634 858 1681 baptizandis
886 1633 1038 1669 fideliter

329 1696 541 1730 intimantur
567 1694 601 1729 II
625 1695 679 1736 55,
705 1696 734 1729 7.

283 1767 450 1802 intimum
472 1766 582 1801 totius
602 1765 752 1800 hominis
774 1765 789 1799 I
809 1766 888 1806 400,
909 1765 960 1799 16.
995 1775 1038 1798 ex

329 1826 455 1861 intimo
477 1826 590 1860 cordis
608 1825 767 1870 ignoscat
789 1824 825 1858 II
848 1825 899 1865 17,
921 1825 952 1859 4.
985 1823 1037 1857 in-

331 1886 439 1920 timus
464 1896 595 1926 sensus,
621 1896 664 1919 ex
688 1895 758 1930 quo
784 1887 837 1918 est
861 1882 1038 1929 appellata

331 1945 505 1980 sententia
532 1944 547 1979 I
572 1945 648 1986 416,
676 1945 728 1979 10.
766 1943 913 1978 intimus
937 1941 1037 1977 intel-

331 2005 441 2039 lectus
458 2003 473 2038 I
490 2004 565 2045 416,
582 2005 612 2039 3.
642 2003 789 2038 intimus
805 2003 908 2037 homo
927 2001 943 2036 I
958 2002 1037 2043 400,

332 2064 384 2099 26.

285 2134 514 2170 intolerabilis
559 2133 699 2168 uidetur
744 2133 906 2168 cordibus
952 2131 1039 2167 chri-

332 2194 454 2229 stianis
495 2193 510 2227 I
549 2194 624 2235 271,
666 2195 717 2228 11.
771 2192 950 2238 angustias
987 2191 1039 2225 in·

332 2253 530 2288 tolerabiles
562 2252 698 2298 perpeti
736 2251 751 2286 I
781 2252 857 2293 364,
892 2251 943 2286 16.
987 2250 1039 2284 in-

333 2312 548 2348 tolerabilem
585 2311 670 2346 facit
706 2311 870 2345 iniuriam
911 2309 926 2344 1
961 2311 1037 2351 371,

334 2373 386 2407 10.
422 2371 657 2406 intolerabilia
673 2374 817 2416 peccata
836 2369 872 2404 II
891 2370 965 2411 193,
984 2370 1037 2405 20.

286 2432 427 2466 intonat
447 2442 508 2477 per
527 2441 565 2466 os
585 2430 717 2476 proprii
736 2429 889 2475 corporis
909 2428 1040 2464 ueritas

335 2490 351 2525 Ι
375 2491 451 2532 352,
476 2492 508 2526 4.

288 2551 418 2585 intorte
441 2550 507 2585 hoo
530 2549 624 2585 dixit
648 2548 664 2583 Ι
688 2548 763 2590 275,
788 2548 819 2582 6.

290 2621 382 2656 intra
405 2632 440 2656 se
462 2620 558 2667 ipsos
582 2622 755 2655 tractatus
778 2618 832 2653 sui
855 2618 1039 2653 denotasse

332 2680 501 2715 iudicium
540 2679 556 2715 I
591 2680 668 2721 381,
705 2679 736 2714 5.
785 2678 879 2713 intra
915 2687 1040 2723 corpus

334 2743 480 2775 naturae
504 2750 586 2774 suae
612 2738 628 2774 I
651 2739 728 2780 399,
753 2738 806 2774 23.

290 2798 449 2834 interius:
469 2798 652 2834 ueniamus
669 2797 817 2833 interius
834 2795 880 2831 ad
898 2805 1039 2831 causam

338 2857 352 2892 I
371 2858 448 2899 270,
467 2858 520 2893 27.
551 2857 699 2894 interius
717 2855 858 2892 recondi
877 2854 893 2890 1
911 2855 988 2898 412,
1006 2855 1038 2891 8.

696 245 762 281 ΙΙΙ.
790 245 900 281 Index
923 244 1110 280 uerborum
1135 247 1171 280 et
1194 244 1431 280 elocutionum

1150 363 1256 398 altius
1295 366 1331 398 et
1369 363 1516 399 interius
1553 362 1736 400 infundere
1775 363 1855 400 doe-

1151 423 1281 458 trinam
1307 422 1343 457 ΙΙ
1368 423 1443 464 136,
1470 423 1521 458 16.

1106 482 1314 517 intrinsecus
1340 481 1356 516 I
1383 483 1435 523 11,
1462 483 1514 518 10.
1539 482 1596 523 80,
1620 483 1673 518 24.
1701 482 1776 524 182,
1801 482 1854 518 20.

1153 542 1228 583 183,
1255 542 1296 577 16
1319 544 1376 576 cet.

1105 601 1326 636 introducere
1341 611 1525 647 personam
1543 611 1642 635 suam
1660 600 1760 646 quasi
1777 611 1856 636 cum

1151 660 1261 695 altero
1281 660 1521 706 disputantem
1542 659 1579 695 II
1596 661 1649 701 13,
1670 660 1722 696 16.
1748 660 1857 695 intro·

1151 720 1276 755 ducere
1302 730 1486 766 personam
1519 729 1618 754 suam
1653 718 1670 754 1
1698 719 1776 761 435,
1802 719 1855 755 10.

1151 790 1219 815 aec.
1250 781 1278 814 et
1302 779 1368 823 inl.
1398 778 1414 813 Ι
1439 779 1516 820 364,
1544 778 1597 814 25.

1106 850 1338 885 introductio:
1373 849 1470 885 uelut
1502 861 1546 884 ex
1577 860 1659 885 suae
1691 860 1858 896 personae

1150 909 1412 944 introductione
1426 920 1489 944 nos
1503 909 1647 944 instruit
1662 908 1698 944 11
1713 910 1788 950 242,
1804 909 1857 945 20.

1106 981 1292 1016 introrsus:
1313 980 1490 1026 quomodo
1508 979 1627 1014 anima
1644 982 1761 1025 partes
1779 990 1858 1014 suas

1153 1040 1319 1075 recondat
1342 1040 1513 1074 introrsus
1539 1038 1555 1074 1
1578 1040 1654 1081 407,
1680 1040 1711 1074 9.

1107 1111 1260 1146 intueor:
1308 1110 1509 1145 intueamur
1546 1109 1741 1145 dominicae
1780 1120 1858 1145 con-

1153 1170 1362 1205 uersationis
1394 1169 1591 1216 exemplum
1626 1168 1662 1203 II
1696 1169 1770 1211 126,
1806 1169 1858 1210 19,

1153 1231 1197 1274 cl.
1216 1229 1252 1264 II
1270 1230 1344 1271 157,
1362 1230 1415 1265 10.
1444 1229 1509 1264 hoc
1526 1226 1666 1263 tantum
1682 1228 1859 1263 intuentes

1155 1289 1192 1324 II
1215 1289 1270 1331 53,
1295 1290 1326 1324 6.

1108 1360 1275 1395 intuitus:
1285 1359 1384 1394 cuius
1393 1359 1526 1394 intuitu
1535 1359 1734 1394 nouerimus
1741 1369 1860 1404 quem·

1154 1420 1346 1455 admodum
1361 1419 1479 1454 uiuere
1496 1419 1684 1454 debeamus
1704 1417 1719 1453 1
1737 1418 1811 1459 166,
1827 1419 1857 1454 9.

1108 1491 1221 1526 intus:
1247 1490 1285 1525 in
1309 1490 1385 1536 ipsa
1409 1490 1506 1525 intus
1530 1490 1714 1525 uoluntate
1739 1492 1860 1535 peccat

1156 1550 1173 1585 I
1195 1550 1272 1591 436,
1297 1551 1349 1585 23.
1387 1550 1447 1584 sed
1469 1549 1566 1584 intus
1588 1553 1623 1584 et
1646 1548 1861 1595 germanitus

1153 1610 1191 1644 in
1211 1609 1312 1644 corde
1332 1609 1471 1644 sensisti
1492 1608 1507 1643 I
1527 1609 1603 1650 376,
1626 1609 1677 1643 16.
1709 1608 1806 1643 intus
1824 1607 1861 1642 in

1154 1669 1239 1715 ipsis
1271 1669 1452 1703 hominum
1486 1668 1648 1703 cordibus
1681 1667 1817 1712 operari
1845 1666 1861 1701 l

1155 1728 1230 1770 454,
1258 1729 1314 1769 19;
1339 1729 1382 1771 cs.
1410 1727 1445 1762 ΙΙ
1468 1728 1543 1769 161,
1568 1728 1599 1762 7.
1627 1728 1678 1762 13.
1703 1727 1781 1768 310,
1808 1727 1859 1762 12.

1108 1800 1226 1834 inuro:
1257 1810 1300 1833 ex
1328 1799 1392 1833 hoc
1422 1798 1541 1844 potius
1569 1800 1659 1833 esset
1687 1797 1861 1843 praeuari-

1155 1858 1304 1894 cationis
1334 1861 1419 1893 nota
1459 1858 1612 1892 romanis
1643 1857 1772 1892 clericis
1811 1857 1862 1891 in·

1156 1918 1288 1953 urenda
1314 1917 1330 1952 I
1353 1917 1429 1959 465,
1456 1918 1508 1952 11.

1109 1989 1297 2024 inutiliter:
1319 1991 1360 2023 ut
1381 1999 1452 2023 non
1472 1999 1530 2023 eos
1550 1987 1671 2022 laudet
1690 1987 1862 2022 inutiliter

1156 2048 1391 2093 defendatque
1415 2047 1601 2082 crudeliter
1626 2046 1662 2082 II
1685 2047 1762 2088 319,
1788 2048 1818 2082 1.

1111 2107 1289 2143 inualidus
1315 2106 1350 2142 II
1376 2107 1450 2148 127,
1475 2107 1527 2142 25.

1110 2178 1254 2214 inuenio
1266 2189 1340 2212 cum
1352 2177 1484 2222 duplici
1494 2188 1561 2212 acc.
1578 2176 1593 2212 I
1605 2178 1682 2218 303,
1695 2177 1726 2212 8.
1740 2176 1816 2217 358,
1830 2177 1860 2211 9.

1156 2238 1233 2279 359,
1251 2238 1282 2273 2.
1301 2238 1377 2278 424,
1398 2237 1448 2272 19.
1479 2247 1555 2271 cum
1571 2236 1638 2280 ins.
1658 2235 1695 2271 11
1712 2237 1788 2277 244,
1808 2236 1860 2271 13.

1155 2296 1317 2332 inuenior
1340 2307 1415 2331 cum
1439 2295 1504 2340 inl.
1532 2295 1567 2330 11
1591 2296 1647 2337 30,
1673 2297 1702 2331 1.
1728 2295 1782 2336 66,
1809 2295 1860 2330 10.

1158 2357 1234 2398 102,
1259 2356 1310 2391 16.
1337 2356 1412 2396 108,
1436 2356 1488 2391 23.
1515 2354 1531 2390 1
1553 2355 1630 2396 372,
1652 2355 1684 2390 3.
1707 2354 1784 2396 429,
1809 2354 1860 2390 18.

1157 2415 1234 2458 485,
1262 2416 1294 2451 3.
1323 2415 1400 2456 494,
1430 2415 1482 2450 21.
1511 2425 1587 2449 cum
1614 2413 1746 2459 duplici
1772 2423 1860 2448 nom.

1159 2474 1175 2510 I
1199 2474 1275 2516 356,
1300 2475 1332 2510 3.
1357 2474 1434 2515 357,
1458 2475 1490 2510 3.

1111 2533 1368 2570 inuerecundus
1391 2533 1476 2568 deus
1502 2531 1538 2567 ΙΙ
1561 2532 1638 2574 280,
1662 2532 1694 2568 3.

1111 2604 1340 2650 inuestigatio
1364 2603 1541 2650 superflua
1565 2602 1582 2638 I
1604 2603 1680 2644 381,
1707 2602 1758 2638 19.

1111 2675 1279 2711 inuicem:
1318 2677 1466 2721 possunt
1510 2677 1548 2710 et
1583 2672 1758 2709 contraria
1792 2681 1864 2708 non

1156 2735 1308 2771 inuicem
1321 2733 1499 2770 aduersari
1514 2733 1622 2775 1280,
1638 2732 1689 2769 16.
1709 2731 1862 2768 inuicem
1923 2733 1926 2737 “

1157 2805 1229 2830 non
1253 2793 1421 2829 iraudant
1453 2791 1489 2828 11
1515 2791 1592 2834 215,
1620 2792 1672 2828 13.
1701 2791 1779 2841 228,
1806 2790 1859 2827 19.

1155 2853 1308 2888 inuicem
1328 2851 1424 2888 licite
1445 2851 1623 2898 coniugati
1649 2849 1687 2886 11
1709 2849 1787 2893 298,
1807 2849 1863 2887 83.
