2028 3204
238 160 321 202 *286
773 169 839 205 111.
874 169 925 205 De
957 172 1084 205 natura
1112 173 1149 205 et
1180 169 1294 216 gratia

237 296 303 346 sit,
327 303 366 337 et
386 295 472 338 heri
494 295 615 337 fuisse
635 295 674 337 in
695 295 848 350 aliquo,
871 295 972 337 dum
991 295 1031 337 in
1051 295 1130 338 isto
1149 309 1319 351 corpore
1338 295 1513 346 uiueret,
1533 301 1575 338 et
1591 296 1714 339 hodie
1731 310 1818 339 esse

236 367 277 404 et
303 375 391 403 eras
421 362 622 411 futuram,
658 361 760 403 dum
784 366 927 402 tamen
951 360 1069 415 longe
1095 361 1231 416 plures
1256 360 1353 411 sint,
1371 361 1443 416 qui
1467 375 1561 403 cum
1586 361 1664 403 sibi
1689 374 1818 416 usque

238 428 289 469 ad
325 427 519 469 ultimum
554 426 665 469 uitae
696 426 819 468 huius
850 426 959 468 diem
991 425 1267 468 necessarium
1299 440 1385 468 esse
1416 440 1499 469 non
1530 427 1739 475 dubitent,
1772 431 1819 470 ut

240 492 620 535 uemciterdicant:
651 491 908 534 dimitte
938 491 1116 534 nobis
1149 492 1176 533 d
1194 506 1214 532 e
1233 491 1258 533 b
1277 491 1289 533 i
1308 498 1324 534 t
1342 505 1366 533 a
1395 506 1420 534 n
1439 506 1462 533 o
1480 497 1624 543 stra,
1654 492 1739 534 sic
1757 506 1783 534 u
1801 498 1819 534 t

237 563 292 599 et
344 572 448 600 nos
502 556 891 599 dimittimus
940 557 1348 599 debitoribus
1397 557 1653 601 nostris.
1703 571 1818 613 spem

238 637 355 666 suam
378 628 519 665 tamen
542 622 582 665 in
604 622 767 665 Christo
789 627 916 677 atque
937 622 978 664 in
999 622 1085 664 eius
1108 622 1448 678 promissionibus
1471 637 1625 673 ueram,
1647 630 1817 673 certam,

241 689 405 731 firmam
452 702 537 731 esse
568 687 806 730 confidant!
853 688 965 731 nullo
995 693 1137 730 tamen
1168 688 1291 729 modo
1322 688 1399 730 nisi
1428 687 1655 731 adiuuante
1684 688 1820 743 gratia

239 754 459 798 saluatoris
492 753 644 796 s‘hristi
677 752 866 796 crucifixi
897 759 939 796 et
970 754 1080 796 dono
1112 753 1281 809 spiritus
1314 753 1399 796 eius
1432 754 1497 797 uel
1530 753 1736 809 quoslibet
1767 755 1819 796 ad

240 820 523 876 plenissimam
555 819 852 875 perfectionem
884 820 950 862 uel
982 832 1235 874 quemquam
1267 820 1319 861 ad
1352 820 1696 874 qualemcumque
1728 833 1821 875 pro-

241 893 409 929 uectum
426 900 548 928 uerae
566 885 740 940 piaeque
759 884 943 928 iustitiae
961 884 1174 940 peruenire
1192 885 1263 939 qui
1280 885 1506 939 negauerit,
1525 885 1660 927 nescio
1679 891 1820 927 utrum

240 958 348 994 reete
388 951 517 1006 possit
555 950 595 993 in
635 951 1002 1006 qualiumcumque
1039 949 1368 992 Christianorum
1406 964 1576 993 numero
1613 950 1819 1006 deputari.

349 1017 461 1059 LXI.
494 1016 555 1058 71.
596 1017 656 1058 Ac
699 1031 771 1072 per
798 1017 875 1058 hoc
903 1022 945 1059 et
973 1030 1020 1058 ea
1048 1015 1301 1066 testimonia,
1333 1029 1437 1071 quae
1465 1030 1548 1058 non
1577 1015 1743 1071 quidem
1770 1016 1823 1058 de.

241 1082 455 1138 scripturis
488 1082 708 1132 canonicis,
742 1083 812 1124 sed
844 1083 894 1124 de
929 1081 1181 1137 quibusdam
1213 1082 1511 1124 catholicorum
1543 1086 1820 1123 tractatorum

241 1148 447 1205 opusculis
472 1147 611 1202 posuit
643 1148 785 1190 uolens
817 1161 1027 1190 occurrere
1052 1146 1114 1189 his
1143 1146 1213 1201 qui
1241 1161 1335 1189 eum
1366 1147 1500 1189 solum
1525 1147 1709 1189 dicerent
1742 1147 1819 1188 ista

240 1215 475 1262 defendere,
498 1212 558 1255 ita
577 1219 675 1255 sunt
697 1213 847 1261 media,
870 1218 917 1255 ut
936 1226 1070 1267 neque
1091 1217 1238 1255 contra
1259 1218 1445 1254 nostram
1466 1211 1717 1254 seutentiam
1738 1211 1821 1254 sint

242 1294 373 1335 neque
399 1284 547 1321 contra
571 1278 712 1334 ipsius.
755 1279 795 1321 in
823 1278 972 1333 quibus
997 1277 1184 1320 nonnihil
1208 1277 1335 1320 etiam
1359 1278 1410 1319 de
1435 1277 1548 1320 libris
1574 1277 1672 1319 meis
1698 1277 1823 1319 inter-

242 1360 392 1401 ponere
420 1344 554 1388 uoluit
580 1358 645 1386 me
675 1357 839 1400 quoque
866 1344 1047 1399 aliquem
1072 1344 1294 1398 deputanS,
1324 1344 1394 1397 qui
1420 1356 1513 1385 cum
1540 1342 1617 1385 illis
1645 1356 1823 1385 comme-

242 1411 393 1454 morari
413 1411 562 1467 dignus
583 1410 756 1453 uiderer.
780 1411 889 1453 unde
925 1409 1112 1465 ingratus
1133 1423 1219 1451 esse
1240 1423 1322 1451 non
1343 1409 1474 1451 debeo
1495 1413 1536 1450 et
1559 1407 1822 1450 familiariore

244 1478 398 1520 affeetu
426 1477 520 1519 nolo
546 1483 593 1518 ut
618 1481 739 1526 erret,
767 1476 839 1530 qui
862 1476 973 1518 hunc
998 1474 1099 1517 mihi
1123 1474 1275 1517 detulit
1299 1475 1512 1517 honorem.
1556 1473 1687 1529 prima
1713 1472 1822 1515 enim

245 1556 349 1598 quae
371 1543 524 1598 posuit,
549 1541 645 1596 quia
665 1555 816 1584 nomen
839 1541 924 1584 eius
948 1541 1019 1596 qui
1039 1554 1087 1582 ea
1106 1539 1214 1582 dixit
1235 1554 1317 1582 non
1339 1540 1397 1582 ibi
1417 1540 1508 1595 legi,
1530 1539 1616 1582 siue
1639 1538 1733 1594 quia
1756 1538 1821 1581 ille

243 1623 325 1651 non
351 1608 516 1664 scripsit
543 1608 628 1650 siue
657 1607 754 1662 quia
780 1607 912 1649 codex
939 1619 1061 1661 quem
1088 1605 1257 1648 misistis
1284 1606 1325 1648 id
1353 1604 1493 1660 aliqua
1520 1605 1626 1647 forte
1653 1605 1824 1646 mendo-

243 1674 367 1716 sitate
390 1688 473 1716 non
496 1672 645 1715 habuit
669 1677 925 1728 pertractare
950 1671 1048 1727 quid
1072 1685 1175 1726 opus
1198 1670 1292 1713 est?
1331 1671 1511 1712 maxime
1536 1669 1734 1724 quoniam
1758 1683 1823 1711 me

243 1740 282 1782 in
309 1738 548 1782 huiusmodi
584 1738 865 1793 quorumlibet
890 1737 1108 1780 hominum
1134 1736 1298 1792 scriptis
1325 1736 1500 1778 liberum
1526 1760 1579 1765 -—
1604 1735 1701 1790 quia
1727 1734 1823 1777 solis

242 1805 451 1848 canonicis
502 1804 632 1846 debeo
672 1803 758 1845 sine
807 1803 889 1845 ulla
939 1801 1196 1845 recusatione
1245 1815 1491 1844 consensum
1538 1826 1591 1830 —
1637 1799 1824 1843 nonnihil

245 1876 387 1913 mouet
423 1871 534 1925 quod
568 1871 619 1912 de
654 1869 760 1911 illius
794 1868 972 1923 seriptis,
1014 1867 1129 1910 cuius
1163 1881 1313 1909 nomen
1348 1881 1430 1909 non
1465 1866 1523 1908 ibi
1556 1865 1708 1914 inueni,
1759 1865 1823 1907 ille

245 1936 412 1991 posuit:
482 1934 764 1989 oportuit
822 1933 1175 1988 maqistrum
1233 1932 1653 1986 doctoremque
1711 1930 1826 1972 ztir-

245 2001 401 2044 tutis
459 2000 692 2044 homini
749 1998 1142 2041 simillimum
1197 1997 1361 2051 sieri,
1416 2001 1473 2039 ut
1522 1996 1825 2039 uincendo

243 2071 554 2120 peccatum
602 2065 810 2107 doceat
857 2064 1147 2107 hominem
1195 2063 1444 2105 uincere
1490 2074 1664 2116 posse
1710 2073 1826 2115 pec-

244 2147 263 2173 c
282 2147 306 2174 a
324 2137 337 2174 t
354 2147 382 2174 u
399 2146 449 2175 m.
488 2132 697 2186 quomodo
717 2131 826 2173 enim
845 2130 1005 2173 dictum
1025 2130 1092 2179 sit,
1113 2134 1260 2172 auctor
1275 2128 1398 2171 huius
1417 2126 1649 2170 sententiae
1669 2126 1823 2170 uiderit

340 2235 360 2268 4
376 2232 506 2268 Matth.
526 2232 557 2273 6,
578 2233 619 2267 12
696 2232 738 2267 26
758 2231 919 2276 Pelagius
1006 2227 1412 2277 oportuit—peccatum]
1430 2228 1473 2263 cf.
1490 2227 1529 2262 F.
1547 2226 1733 2263 Lactanti‘r
1744 2226 1824 2261 Diu.

247 2292 361 2328 instit.
381 2292 429 2328 IV
447 2293 489 2327 24
508 2291 639 2334 (CSEL
654 2291 744 2326 XIX
760 2292 836 2331 373,
857 2292 896 2326 17
913 2290 965 2325 ed.
986 2290 1022 2326 S.
1041 2289 1193 2333 Brandt)

339 2366 351 2399 1
373 2363 422 2398 eri
434 2363 465 2398 V
483 2361 538 2398 uel
551 2361 627 2398 heri
639 2363 657 2398 b
780 2362 878 2408 dum]
895 2364 937 2396 οὖ
949 2360 980 2395 V
1104 2359 1182 2395 odie
1191 2360 1221 2395 L
1330 2359 1348 2394 7
1366 2357 1566 2402 adiuuande
1582 2358 1614 2404 (t
1626 2368 1652 2393 s.
1668 2356 1693 2401 d
1707 2358 1776 2401 ml)
1792 2356 1823 2390 R

248 2425 269 2458 ⁴.)
293 2433 507 2470 quemquam
533 2423 565 2467 (e
595 2433 636 2457 ea:
660 2422 696 2467 a)
718 2421 838 2456 VEm2
1013 2421 1054 2456 10
1079 2418 1285 2466 negauerint
1309 2417 1540 2453 Dm2RCEba
1563 2416 1770 2463 negauerint
1791 2415 1822 2450 V

249 2486 287 2519 11
307 2482 444 2529 possint
456 2482 543 2517 Dm?
550 2482 687 2517 RGEbd
707 2479 844 2528 possint
856 2481 887 2515 V
963 2480 1210 2526 qualicumque
1225 2478 1257 2512 R
1334 2479 1377 2514 12
1389 2476 1442 2523 et]
1457 2481 1498 2513 ut
1511 2477 1630 2513 LDml
1639 2476 1821 2512 PVBEml

251 2544 292 2579 13
308 2540 553 2585 tractatoriam
569 2543 609 2587 (ῡ
625 2553 650 2577 s.
668 2540 682 2585 i,
691 2541 762 2586 ml)
772 2542 804 2576 E
920 2541 959 2576 14
973 2539 1013 2575 iis
1028 2540 1050 2574 d
1159 2540 1200 2575 16
1217 2537 1325 2574 etiam
1341 2536 1499 2573 nonnihil
1511 2537 1553 2573 bd
1655 2537 1697 2572 19
1712 2535 1819 2571 nolim

254 2601 442 2638 DRVCEd
487 2603 523 2649 et
533 2601 593 2647 qui
606 2600 637 2635 V
683 2601 728 2637 20
743 2600 802 2645 fin.
819 2599 901 2646 quia
914 2599 943 2645 (i
953 2599 1022 2645 s.l.)
1034 2598 1099 2633 VE
1144 2598 1204 2634 illa
1216 2597 1272 2643 (in
1280 2609 1344 2644 my.
1355 2596 1400 2633 al.
1411 2595 1486 2642 ille)
1496 2596 1515 2631 b
1562 2597 1602 2632 21
1617 2594 1778 2641 missistis
1791 2595 1821 2629 Ε

250 2663 293 2699 23
308 2661 393 2708 quia
408 2661 457 2707 (ia
473 2661 512 2696 in
528 2662 612 2706 ras.)
626 2659 669 2703 V,
683 2671 725 2695 ex
739 2670 845 2706 quem
855 2659 887 2694 Ε
902 2661 998 2705 (μυεῖ
1010 2658 1096 2694 Rm2
1184 2659 1226 2694 24
1245 2655 1406 2702 nonnihil
1420 2655 1452 2691 V
1464 2654 1584 2691 ninild
1667 2653 1709 2690 26
1721 2653 1823 2701 posui

249 2721 304 2765 (im
315 2732 379 2768 my.
395 2721 450 2757 m?
469 2720 602 2768 posuit)
614 2719 645 2755 V
708 2723 850 2766 oportet
862 2718 953 2754 Lacr.
1014 2717 1188 2754 uirtutum
1199 2717 1218 2752 b
1273 2717 1316 2752 28
1332 2713 1487 2760 uincere]
1503 2714 1599 2750 uinci
1611 2713 1658 2749 ab
1676 2723 1714 2749 eo
1727 2714 1820 2749 lact.

251 2782 293 2817 :29
310 2781 457 2816 ductum
469 2780 500 2815 V

1851 896 1890 926 1⁰

1852 1223 1890 1252 15

1850 1550 1893 1580 2⁰

1851 1877 1892 1907 25
