2028 3204
603 240 671 278 111.
698 240 809 277 Index
834 240 1021 276 uerborum
1046 243 1083 277 et
1106 241 1342 278 elocutionum

229 362 379 409 gerrima
405 361 522 408 regula
547 360 711 397 ueritatis
738 359 754 396 Ι
781 359 858 403 104,
886 360 938 396 18.

227 423 363 468 integro
379 421 456 457 iure
474 420 651 456 amicitiae
672 419 688 455 I
705 420 783 463 335,
804 422 856 456 14.
887 420 939 455 in-

228 486 326 528 tegra
349 481 440 517 fides
466 480 482 516 1
505 481 582 522 359,
608 482 638 516 1.

180 542 313 588 integre
338 541 487 576 liberum
513 540 701 575 arbitrium
728 539 939 575 confitemur

229 601 264 637 11
290 601 366 643 158,
391 602 445 636 10.

180 661 365 707 integritas
380 660 417 696 in
434 660 505 696 tide
524 659 560 695 11
575 660 653 701 307,
671 660 724 696 24.
752 659 938 705 integritas

226 719 406 767 uirginalis
427 720 479 766 (=
497 718 799 765 Junqlrauschafl)
822 718 838 754 1
859 719 937 762 503,

228 782 279 816 13.
321 780 366 815 ab
394 780 543 815 aliorum
572 779 684 814 salute
712 782 820 825 atque
847 778 937 814 inte-

225 840 354 887 gritate
388 840 547 875 uitentur
580 839 683 886 (lupi)
719 838 735 874 I
768 839 847 881 570,
883 840 935 875 17.

181 899 417 935 intellectuale
445 899 461 934 Ι
486 901 563 941 414,
591 900 644 941 14,
668 899 713 943 cl.
741 898 820 935 Ind.
846 910 935 934 nom.

182 959 381 995 intellectus
403 959 552 994 intimus
578 958 593 994 Ι
616 959 694 1001 416,
717 959 750 995 3.

180 1019 417 1066 intellegentia
451 1018 683 1054 inuisibilium
719 1017 884 1054 creatoris
921 1018 936 1053 I

228 1080 303 1120 172,
321 1080 353 1115 8.
384 1078 551 1125 spiritalis
566 1078 807 1124 intellegentia
826 1077 842 1113 I
860 1078 936 1120 158,

225 1141 256 1174 4.
287 1138 402 1174 fidelis
418 1139 482 1174 int.
504 1138 519 1173 I
537 1138 614 1180 306,
632 1140 666 1174 4.
696 1137 937 1183 intellegentia

225 1198 363 1233 animae
392 1198 558 1233 distincte
587 1197 717 1233 dicitur
746 1197 889 1243 spiritus
920 1197 935 1232 I

226 1258 302 1300 415,
342 1259 373 1294 2.
424 1269 549 1304 pecora
586 1268 658 1292 non
695 1257 822 1293 habere
861 1257 934 1292 uim

226 1317 486 1363 intellegentiae
513 1317 527 1352 Ι
552 1318 628 1359 415,
654 1317 706 1352 15.
732 1318 785 1352 22.

181 1377 405 1424 intellegibile
428 1377 560 1412 bonum
587 1377 602 1412 I
628 1378 705 1419 190,
730 1378 760 1412 2.

180 1437 362 1483 intellegor
389 1448 463 1472 cum
492 1437 557 1481 ins.
588 1436 603 1471 Ι
633 1437 685 1478 15,
715 1437 767 1472 27.
796 1436 850 1478 54,
881 1437 934 1472 27.

229 1497 282 1539 95,
299 1497 330 1532 9.
347 1497 423 1538 284,
439 1498 492 1532 24.
508 1498 584 1538 414,
602 1498 654 1532 11.
670 1498 748 1538 444,
764 1497 794 1531 7.
810 1496 888 1538 505,
902 1497 934 1532 3.

229 1555 264 1591 ΙΙ
289 1557 343 1598 57,
369 1557 399 1592 2.
427 1558 502 1598 133,
529 1557 580 1592 16.
607 1557 683 1598 247,
710 1558 741 1592 3.
772 1555 935 1602 intellego

228 1616 327 1662 quod
349 1615 384 1651 11
406 1617 482 1657 130,
502 1617 534 1658 7,
554 1616 638 1662 quia
660 1615 675 1651 I
695 1617 726 1658 7,
748 1617 800 1651 10.

180 1675 453 1722 intemperantia
468 1675 521 1721 (=
541 1675 785 1722 Masslosiykeie
799 1676 856 1711 der
874 1675 936 1711 Be-

228 1735 351 1781 9ierde)
378 1735 412 1770 ΙΙ
438 1736 514 1777 228,
539 1736 593 1771 20.

180 1795 341 1830 intendo:
357 1795 515 1830 animum
531 1796 577 1830 ad
592 1806 633 1830 ea
646 1795 790 1830 intende
807 1794 843 1830 11
859 1796 935 1837 213,

226 1855 279 1890 20.
310 1855 468 1890 animum
485 1855 523 1890 in
541 1855 649 1890 uerba
668 1854 683 1890 I
700 1856 777 1896 401,
796 1856 848 1890 24.
868 1855 936 1889 nisi

226 1914 420 1960 pertinacia
436 1925 611 1960 pugnaces
627 1925 753 1950 neruos
768 1915 936 1949 aduersus

226 1974 462 2009 constantiam
482 1974 683 2020 perspicuae
703 1974 866 2009 ueritatis
883 1974 936 2009 in-

229 2033 354 2068 tendat
376 2033 391 2068 I
411 2034 465 2075 26,
484 2034 516 2069 8.
549 2044 620 2069 non
639 2036 804 2080 poterant
822 2033 936 2069 inten-

227 2093 307 2128 dere
324 2092 444 2128 uultus
459 2093 573 2139 Moysi
591 2093 606 2128 I
624 2094 699 2135 183,
718 2094 770 2129 19.
798 2093 937 2129 intendi

226 2152 272 2188 ad
292 2152 401 2188 iidem
424 2152 440 2187 I
460 2153 536 2195 216,
558 2154 611 2189 14.
643 2153 681 2188 in
700 2152 760 2188 illa
778 2153 936 2188 membra

227 2215 390 2258 aspectus
412 2212 610 2248 intenditur
634 2211 652 2248 1
674 2214 751 2255 449,
778 2214 830 2248 11.

179 2271 315 2307 intente
335 2274 509 2318 quantum
530 2283 716 2319 possumus
736 2272 936 2319 diligenter-

228 2341 295 2377 que
318 2330 502 2367 uideamus
525 2331 542 2367 1
562 2331 618 2374 58,
641 2332 673 2368 6.

180 2390 332 2426 intentio
359 2391 473 2427 cordis
501 2391 517 2426 Ι
544 2392 599 2435 88,
628 2392 680 2428 15.
722 2395 762 2427 ut
789 2392 837 2427 sit
863 2392 937 2428 eius

224 2449 377 2486 intentio
412 2450 451 2486 in
486 2450 672 2498 uoluptate
710 2450 747 2487 ΙΙ
784 2451 861 2494 215,
898 2453 936 2494 3;

227 2510 271 2554 cl.
297 2508 313 2544 I
335 2510 368 2552 9,
391 2511 444 2546 22.
468 2511 523 2554 93,
546 2510 578 2547 8.
603 2510 679 2553 145,
703 2512 756 2547 20.
782 2511 857 2553 164,
882 2512 934 2547 15.

229 2569 306 2612 218,
324 2569 377 2605 16.
395 2569 473 2612 508.
491 2570 544 2606 22.
564 2569 602 2606 11
619 2570 696 2613 105,
714 2571 767 2607 15.
786 2571 863 2614 212,
882 2572 935 2607 11.

228 2628 305 2671 215,
330 2629 383 2665 19.
408 2629 486 2672 254,
511 2630 554 2666 19
575 2632 634 2666 wc.

180 2686 320 2724 intenta
341 2688 562 2725 conflictatio
587 2688 604 2725 Ῑ
627 2690 704 2732 221,
729 2691 783 2726 11.

180 2746 417 2784 intercedente
439 2747 559 2795 aliquo
582 2748 742 2796 grauiore
765 2748 894 2785 delicto
919 2748 936 2784 1

227 2805 306 2850 553,
330 2808 384 2843 11.

182 2864 384 2902 intercessio
406 2866 612 2903 mediatoris
635 2866 653 2903 1
676 2868 752 2910 203,
777 2867 809 2904 9.

1681 237 1761 282 679

1011 360 1223 397 intercludo:
1241 362 1327 408 quid
1341 362 1547 400 intercludit
1560 362 1624 398 has
1638 362 1767 398 uoces?

1060 420 1076 456 Ι
1105 422 1181 463 275,
1213 421 1264 457 16.
1307 422 1437 468 quibus
1464 425 1501 459 et.
1527 422 1595 469 ipsi
1623 433 1768 469 regnum

1058 480 1231 516 caelorum
1267 481 1510 518 intercludunt
1545 481 1562 518 Ι
1597 483 1673 525 112,
1708 483 1768 524 213

1056 542 1100 585 cl.
1128 540 1143 576 I
1167 541 1222 583 55,
1248 542 1301 577 18.

1011 600 1213 636 interclusio
1238 601 1419 637 destructa
1445 601 1461 638 1
1485 602 1540 644 70,
1564 602 1617 638 21.

1010 671 1198 708 interdico:
1219 672 1280 719 qui
1299 673 1447 719 paruulo
1465 673 1658 709 interdicat
1676 684 1769 709 com·

1055 743 1197 767 munem
1228 732 1374 767 humani
1400 733 1534 779 generis
1558 733 1768 780 redemptio-

1055 802 1135 827 nem
1161 791 1196 827 ΙΙ
1220 793 1295 834 181,
1319 794 1372 834 14,
1398 794 1443 837 cs.
1468 792 1484 828 Ι
1505 794 1583 835 381,
1606 794 1659 830 23.
1687 804 1768 828 cum

1056 852 1098 887 de
1122 851 1321 887 interdictis
1344 852 1523 888 auferrent
1548 852 1564 888 I
1588 853 1666 894 350,
1691 854 1722 889 7.

1008 911 1163 947 interisti
1200 912 1493 948 communicando
1532 912 1714 949 catholicis
1753 912 1769 948 1

1056 972 1133 1014 361,
1158 973 1190 1007 3.

1007 1043 1205 1078 interficere
1227 1043 1434 1078 inimicitias
1460 1043 1476 1078 I
1502 1044 1576 1086 116,
1601 1045 1632 1080 6.

1008 1103 1152 1139 interim
1171 1120 1204 1131 ε
1224 1103 1391 1145 indessen,
1424 1103 1539 1150 jedoch
1573 1103 1589 1139 I
1622 1104 1677 1146 62,
1712 1105 1766 1140 23.

1008 1163 1188 1198 interimo:
1221 1163 1390 1209 originale
1419 1163 1553 1198 malum
1584 1167 1642 1199 tot
1671 1175 1770 1210 prae-

1053 1223 1194 1258 iudiciis
1215 1223 1469 1269 interemptum
1494 1226 1549 1258 est
1573 1223 1610 1259 ΙΙ
1634 1224 1711 1267 289,
1737 1225 1767 1259 1.

1008 1283 1154 1318 interior
1170 1283 1352 1318 familiaris
1371 1282 1405 1318 II
1423 1284 1500 1325 210,
1519 1284 1571 1319 13.
1600 1283 1770 1319 interiora

1054 1353 1118 1378 sua
1143 1342 1159 1378 Ι
1182 1343 1259 1385 436,
1285 1344 1338 1379 24.

1008 1414 1233 1450 interlocutio
1252 1414 1267 1449 I
1282 1415 1358 1456 464,
1375 1416 1405 1450 4.
1423 1414 1500 1457 465,
1517 1415 1569 1450 18.
1588 1414 1625 1449 II
1641 1415 1717 1457 118,
1733 1416 1764 1451 6.

1009 1474 1329 1520 interloquentibus
1348 1474 1520 1521 episcopis
1539 1478 1679 1510 constat
1697 1486 1770 1510 esse

1055 1534 1227 1569 damnata
1253 1533 1288 1569 II
1314 1535 1367 1576 78,
1394 1535 1446 1570 19.

1010 1594 1227 1629 intermissio
1261 1593 1276 1628 Ι
1309 1595 1363 1636 21,
1395 1595 1426 1630 9.
1459 1594 1537 1636 384,
1569 1595 1600 1629 7.
1633 1595 1699 1630 387
1732 1595 1763 1630 2.

1008 1653 1217 1689 intermissis
1236 1653 1418 1700 paululum
1440 1664 1530 1700 quae
1549 1654 1586 1688 in
1606 1653 1770 1689 manibus

1055 1717 1156 1749 erant
1175 1713 1190 1748 Ι
1208 1714 1285 1756 233,
1304 1714 1334 1749 2.
1365 1713 1548 1759 paululum
1567 1713 1767 1749 intermissa
1837 1725 1839 1727 ’

1055 1773 1224 1809 seueritas
1251 1773 1267 1808 Ι
1291 1774 1369 1815 465,
1395 1775 1448 1809 23.

1008 1844 1186 1880 internum
1215 1845 1347 1879 malum
1379 1844 1394 1880 I
1423 1846 1500 1886 288,
1532 1847 1584 1880 11.
1628 1845 1769 1880 conflic-

1055 1904 1146 1939 tatio
1170 1904 1184 1939 I
1206 1905 1283 1946 288,
1307 1905 1359 1940 12.
1393 1904 1534 1939 interna
1554 1907 1711 1950 potestas
1734 1904 1770 1939 ΙΙ

1056 1964 1131 2006 145,
1161 1965 1214 1999 23.
1257 1964 1397 1999 interna
1426 1964 1530 2000 subsc.
1563 1963 1577 1998 Ι
1607 1964 1684 2006 385,
1714 1965 1767 2000 29.

1008 2023 1231 2069 interpellare
1263 2027 1404 2058 sanctos
1436 2023 1522 2058 iacit
1558 2024 1571 2058 l
1603 2025 1680 2066 392,
1714 2025 1767 2060 23.

1009 2095 1229 2141 interponere
1253 2095 1361 2130 etiam
1386 2095 1429 2130 de
1451 2095 1551 2130 libris
1573 2095 1661 2131 meis
1683 2106 1770 2130 non-

1054 2154 1142 2189 nihil
1172 2154 1287 2190 uoluit
1315 2154 1330 2189 I
1357 2156 1433 2197 286,
1459 2156 1511 2190 16.
1544 2155 1617 2191 suis
1638 2155 1768 2191 litteris

1054 2214 1251 2260 interponit
1272 2214 1287 2250 I
1308 2215 1385 2257 351,
1406 2215 1438 2250 6.
1474 2214 1640 2250 creatoris
1659 2214 1771 2261 ipsius

1054 2274 1265 2320 interposita
1296 2275 1523 2310 ueneratione
1557 2274 1573 2310 I
1604 2275 1682 2317 548,
1715 2276 1768 2310 14.

1055 2334 1388 2370 commemoratione
1405 2334 1475 2370 mei
1492 2334 1646 2369 nominis
1662 2333 1770 2369 inter-

1054 2393 1173 2440 posita
1198 2393 1234 2429 11
1258 2395 1312 2436 77,
1337 2394 1370 2436 8,
1394 2395 1437 2439 cl.
1465 2393 1501 2429 II
1524 2395 1599 2435 121,
1626 2395 1678 2430 13.

1010 2452 1259 2500 interpretatio
1286 2453 1302 2488 I
1325 2454 1403 2496 496,
1428 2455 1480 2489 11.
1522 2453 1557 2488 II
1583 2454 1658 2495 172,
1683 2453 1737 2489 26.

1009 2512 1223 2559 interpretor
1249 2523 1342 2558 pass.
1373 2512 1390 2548 1
1419 2514 1496 2555 170,
1525 2514 1578 2548 11.
1606 2513 1686 2555 320,
1715 2512 1767 2548 16.

1059 2571 1097 2607 ῙῙ
1119 2571 1174 2615 56,
1199 2573 1231 2609 3.

1009 2631 1238 2678 interroyalio:
1278 2631 1364 2678 quid
1405 2642 1476 2678 quo
1516 2631 1695 2678 pertineat
1733 2635 1771 2666 et

1056 2691 1143 2737 quid
1177 2691 1272 2727 unde
1302 2691 1453 2732 dicatur,
1489 2690 1598 2726 etiam
1627 2690 1667 2726 in
1696 2701 1768 2726 uno

1055 2750 1197 2786 homine
1216 2750 1507 2798 distinguendum
1527 2752 1582 2786 est
1602 2749 1619 2786 I
1638 2750 1694 2793 83,
1715 2751 1767 2786 15.

1055 2819 1147 2856 quae
1170 2809 1310 2845 illorum
1334 2810 1381 2845 ad
1406 2809 1494 2856 quid
1517 2809 1669 2845 istorum
1693 2819 1770 2857 per-

1054 2868 1196 2905 tineant
1220 2868 1237 2905 Ῑ
1258 2869 1339 2912 520,
1363 2868 1416 2906 15.
