2028 3204
283 245 368 288 406
725 258 782 293 IV.
816 257 868 294 De
901 261 1029 294 natura
1059 262 1095 294 et
1125 258 1258 305 origine
1288 257 1428 294 animae

280 379 458 422 feminae
479 393 601 422 carne
626 379 762 422 uirilia
786 385 994 436 repererat
1016 380 1226 436 genitalia,
1251 381 1361 424 unde
1384 381 1447 423 ita
1467 385 1608 437 posset
1631 394 1717 424 sese
1742 395 1858 425 coar-

278 445 408 487 tando
428 450 484 496 et,
509 449 558 487 ut
581 449 628 487 tu
648 445 842 500 loqueris,
865 445 1067 501 ‘gelando‘
1091 445 1274 488 formari.
1300 445 1464 498 deinde,
1488 445 1658 489 obsecro
1682 451 1738 499 te,
1761 459 1856 490 eum

279 524 427 565 eorpus
460 510 703 552 dormientis
736 510 872 553 adhuc
904 511 1078 562 uiueret,
1112 512 1280 566 quando
1314 511 1399 555 eius
1429 511 1570 554 anima
1600 511 1855 565 luctabatur,

279 576 320 617 in
355 589 430 618 sua
462 576 617 627 uagina
650 580 740 619 erat
772 576 919 631 utique
952 577 1143 619 omnibus
1178 576 1373 618 membris
1405 576 1587 619 uiuentis
1620 576 1780 620 inclusa
1812 582 1856 620 et

278 641 319 682 in
349 641 435 682 eius
464 654 633 695 corpore
660 654 776 683 suam
801 640 992 693 formam,
1018 642 1069 684 de
1095 655 1176 696 quo
1200 642 1337 684 fuerat
1363 641 1556 694 formata,
1586 642 1782 684 seruabat
1805 670 1855 675 —
1882 657 1901 685 5

278 706 463 748 nondum
490 707 642 761 quippe
670 711 786 749 artus
812 706 917 758 illos,
945 707 1051 750 sicut
1078 707 1129 749 fit
1156 707 1198 748 in
1226 712 1372 759 morte,
1398 706 1642 762 reliquerat;
1669 708 1853 750 nondum

281 771 467 814 membra
501 785 553 813 ex
586 772 781 814 membris
816 771 998 814 formata
1031 787 1083 814 ex
1116 772 1393 814 formantibus
1428 777 1599 827 cogente
1634 772 1675 814 ui
1709 773 1855 815 mortiz

279 841 520 879 extraxerat
538 853 608 881 —:
631 837 878 892 undeigitur
889 842 978 880 erat
990 838 1106 880 uirile
1118 838 1280 880 animae
1292 851 1452 893 colpus,
1473 838 1514 879 in
1526 851 1607 893 quo
1620 837 1697 879 sibi
1708 837 1855 880 luctari

280 915 374 944 eum
396 902 633 945 aduersario
654 903 905 945 uidebatur?
943 903 977 945 si
997 908 1137 945 autem
1158 917 1239 945 non
1263 907 1351 945 erat
1373 916 1519 958 eorpus
1541 907 1583 946 et
1602 907 1743 944 tamen
1767 910 1854 946 erat

277 966 432 1022 aliquid
464 968 595 1010 simile
627 969 821 1023 corporis,
852 969 895 1011 in
926 982 1008 1023 quo
1037 982 1135 1011 sane
1164 981 1284 1010 uerus
1315 968 1433 1010 labor
1461 973 1535 1011 aut
1563 981 1662 1011 uera
1691 968 1852 1010 laetitia
1886 983 1926 1012 ιο

278 1032 515 1083 sentiretur,
544 1033 681 1075 iamne
709 1034 880 1076 tandem
907 1033 1022 1075 uides
1051 1034 1401 1088 quemadmodum
1430 1034 1521 1075 fieri
1548 1033 1693 1088 possit,
1722 1037 1770 1075 ut
1798 1034 1850 1075 sit

278 1097 320 1139 in
339 1098 490 1147 ,anima
519 1098 748 1141 similitudo
779 1099 984 1153 quaedam
1014 1100 1193 1154 eorporis
1224 1113 1296 1140 nec
1327 1099 1413 1154 ipsa
1444 1099 1497 1140 sit
1525 1098 1702 1154 eorpus?

363 1159 465 1215 ‘232‘
483 1164 591 1213 Quid
620 1164 655 1206 si
681 1164 764 1206 tale
792 1164 948 1219 aliquid
976 1165 1087 1219 apud
1115 1163 1268 1206 inferos
1293 1165 1450 1218 geritur
1479 1168 1521 1206 et
1548 1164 1589 1206 in
1617 1164 1673 1205 eis
1702 1177 1743 1205 se
1771 1177 1851 1205 non

280 1229 535 1284 corporibus,
562 1228 633 1270 sed
659 1242 876 1284 corporum
903 1229 1243 1271 similitudinibus
1269 1230 1430 1271 animae
1456 1228 1716 1284 agnoscunt?
1757 1242 1852 1270 cum

277 1293 386 1335 enim
423 1294 562 1336 tristia
598 1295 784 1349 patimur
819 1295 1011 1350 quamuis
1048 1295 1091 1336 in
1127 1295 1295 1346 somnis,
1335 1295 1413 1336 etsi
1450 1294 1728 1336 membrorum
1765 1306 1852 1336 eor·
1883 1307 1922 1336 15

276 1371 493 1413 poreorum
521 1360 575 1400 sit
601 1360 671 1401 illa
696 1360 938 1411 similitudo,
963 1374 1047 1402 non
1072 1360 1257 1402 membra
1283 1372 1491 1415 corporea,
1515 1373 1598 1402 non
1624 1363 1687 1402 est
1711 1363 1851 1402 tamen

276 1437 434 1478 poenae
463 1425 708 1477 similitudo,
737 1425 806 1467 sed
834 1439 986 1480 poena,
1016 1425 1072 1467 sie
1100 1425 1229 1467 etiam
1256 1425 1326 1467 ubi
1353 1425 1464 1467 laeta
1490 1425 1738 1467 sentiuntur.
1781 1424 1849 1465 sed

276 1489 475 1543 quoniam
502 1496 647 1532 sancta
679 1491 887 1546 Perpetua
912 1490 1098 1533 nondum
1127 1496 1216 1533 erat
1244 1495 1423 1542 mortua,
1450 1503 1532 1531 non
1560 1490 1623 1532 uis
1648 1489 1746 1531 hine
1773 1489 1852 1531 tibi

277 1554 453 1597 fortasse
475 1555 712 1610 praescribi,
737 1569 833 1598 eum
855 1556 977 1598 ualde
1000 1556 1051 1598 ad
1075 1569 1162 1598 rem
1183 1556 1406 1611 pertineat,
1431 1555 1546 1597 euius
1570 1567 1657 1597 esse
1680 1559 1855 1599 naturae

277 1620 490 1662 existimes
523 1621 614 1663 illas
648 1621 937 1662 similitudines
974 1634 1191 1676 corporum
1226 1635 1329 1676 quas
1364 1620 1565 1662 habemus
1600 1620 1644 1662 in
1679 1619 1844 1661 somnis.
1878 1633 1920 1662 zo

277 1689 319 1725 et
336 1688 429 1727 tota
446 1685 526 1727 ista
550 1699 675 1728 eausa
697 1685 821 1728 finita
845 1686 913 1738 sit,
940 1686 974 1728 si
996 1699 1065 1728 eas
1093 1691 1134 1728 et
1158 1686 1309 1728 similes
1333 1685 1572 1741 corporibus
1595 1689 1637 1727 et
1659 1698 1742 1727 non
1765 1697 1851 1727 esse

276 1762 448 1805 corpora
481 1750 704 1794 confiteris.
753 1764 899 1794 uerum
930 1756 1071 1793 tamen
1103 1751 1349 1793 Dinocrates
1383 1751 1512 1792 frater
1544 1750 1630 1792 eius
1662 1754 1850 1792 mortuus

277 1820 385 1865 erat3
414 1816 525 1858 hune
555 1816 663 1859 uidit
691 1830 786 1858 eum
815 1816 883 1858 illo
912 1817 1081 1859 uulnere
1111 1817 1219 1871 quod
1248 1816 1371 1858 uiuus
1399 1815 1548 1858 habuit
1578 1820 1619 1857 et
1649 1815 1757 1857 unde
1786 1818 1849 1856 est

275 1881 501 1934 perductus
536 1882 590 1923 ad
625 1886 815 1924 mortem.
866 1882 939 1924 ubi
974 1887 1037 1924 est
1071 1883 1182 1937 quod
1216 1881 1347 1923 tantis
1382 1880 1599 1923 conatibus
1635 1880 1847 1931 labora-sti,

275 1958 370 1987 eum
392 1960 532 2001 ageres
554 1947 606 1989 de
626 1947 879 2002 praecisione
902 1947 1195 1999 membrorum,
1218 1961 1269 1989 ne
1291 1946 1413 1988 simul
1434 1945 1594 1988 concidi
1613 1945 1754 1987 anima
1773 1958 1848 2000 pu-
1876 1958 1918 1988 25

276 2010 467 2052 taretur?
510 2025 602 2054 ecee
628 2011 779 2055 uulnus
807 2017 896 2054 erat
922 2012 965 2054 in
990 2013 1131 2055 anima.
1157 2012 1409 2063 Dinocratis,
1437 2011 1546 2066 quod
1574 2023 1666 2053 eam
1690 2010 1734 2053 ui
1759 2023 1847 2062 sua,

277 2077 445 2130 quando
481 2082 570 2119 erat
604 2078 646 2120 in
683 2078 767 2120 eius
802 2090 983 2133 corpore,
1019 2078 1193 2120 exclusit
1227 2091 1248 2119 e
1282 2090 1461 2131 corpore.
1512 2076 1719 2131 quomodo
1753 2087 1848 2130 ergo

276 2141 505 2184 seeundum
525 2147 644 2184 tuam
666 2143 914 2197 opinionem,
931 2144 1112 2198 ‘quando
1133 2142 1319 2184 membra
1341 2141 1520 2196 corporis
1539 2140 1848 2195 praeciduntur,

378 2251 420 2284 28
437 2250 536 2286 Vinc.
558 2251 679 2286 Victor

377 2329 394 2362 1
413 2332 615 2373 reppererat
630 2327 680 2363 Β]
687 2330 716 2364 Τ
731 2333 946 2375 reperererat
957 2329 984 2363 G
1000 2329 1267 2374 reppererantE
1320 2328 1389 2363 ista
1399 2328 1431 2362 Ε
1483 2324 1659 2372 seseJ‘esse
1674 2324 1753 2361 BCI
1769 2336 1804 2360 se
1816 2325 1848 2360 Ε

204 2426 213 2431 ,
275 2388 296 2423 2
313 2391 353 2422 tu
366 2390 466 2424 om.A
512 2390 533 2423 4
544 2388 749 2424 uiuentibus
759 2389 791 2423 E
843 2391 864 2425 5
876 2389 918 2424 de
930 2400 999 2435 qua
1010 2389 1076 2423 ET
1121 2388 1142 2422 6
1159 2388 1234 2424 illos
1245 2387 1337 2423 sieut
1347 2387 1398 2422 bis
1406 2397 1483 2432 pon.
1501 2385 1561 2421 BG
1604 2385 1626 2420 8
1637 2384 1758 2420 uirilae
1766 2384 1843 2421 Iml

274 2446 296 2481 9
311 2446 363 2493 et]
379 2458 421 2483 ea
434 2446 496 2483 BC
557 2450 597 2483 10
615 2447 735 2484 labora
753 2451 794 2484 ut
805 2449 838 2484 A
909 2450 948 2483 11
967 2448 1127 2493 possetE
1205 2448 1247 2483 12
1264 2446 1438 2494 quaedam
1454 2444 1649 2481 similitudo
1660 2444 1692 2480 E
1759 2454 1802 2479 ne
1813 2446 1846 2479 A

274 2505 347 2552 ipse
369 2507 398 2542 Ο
506 2508 548 2542 13
573 2519 642 2542 non
669 2508 872 2553 corporibus
897 2507 959 2543 sed
984 2507 1187 2552 corporibus
1213 2507 1274 2543 sed
1299 2516 1483 2551 corporum
1507 2503 1802 2541 similitudinibus
1812 2505 1845 2538 A

274 2567 317 2601 14
334 2569 528 2613 agnoscant
539 2567 567 2603 C
609 2568 650 2602 15
661 2567 811 2604 tristitia
821 2568 894 2613 (alt.
909 2571 925 2602 t
937 2577 978 2602 cz
987 2580 1007 2602 a
1016 2568 1088 2613 ml)
1098 2566 1176 2609 C‚B
1190 2566 1376 2602 tristitiam
1387 2565 1443 2600 Hb
1482 2567 1649 2610 corporea
1662 2562 1693 2597 Β
1732 2564 1772 2598 17
1782 2561 1844 2598 sed

275 2626 371 2661 ome
424 2626 498 2662 etia
509 2628 542 2662 A
608 2627 651 2662 19
667 2626 835 2672 perscribi
846 2628 875 2663 Ο
938 2630 957 2662 ὃ
971 2626 1002 2660 Β
1056 2628 1100 2663 20
1115 2626 1302 2662 exestimes
1311 2625 1375 2661 AG
1389 2624 1573 2661 existimas
1585 2623 1622 2659 H
1680 2623 1721 2658 21
1739 2632 1845 2657 causa

273 2684 343 2720 ista
357 2684 438 2721 BC'I
444 2686 493 2721 Tb
589 2687 632 2721 22
649 2686 835 2722 dnocrates
846 2687 875 2722 O
959 2687 1002 2722 23
1018 2689 1096 2722 ante
1111 2685 1207 2733 quod
1223 2698 1265 2722 er.
1284 2685 1355 2721 uid.
1374 2683 1470 2732 quod
1485 2682 1636 2719 uiuusfl
1724 2679 1844 2727 uiuus]

275 2745 404 2780 uulnus
416 2745 445 2780 C
515 2745 707 2792 perductus
723 2750 778 2782 est
790 2747 821 2782 T
888 2746 1021 2782 essetE
1096 2746 1139 2781 24
1155 2745 1342 2781 conatibus
1356 2743 1454 2780 omo
1526 2742 1569 2778 25
1585 2740 1843 2788 praecisionu

273 2804 468 2849 precisione
483 2804 515 2839 B
530 2806 595 2852 (pr.
614 2805 626 2840 i
642 2816 684 2841 ex
698 2807 732 2852 e)
747 2805 907 2852 pretione
918 2806 946 2842 Ο
960 2804 1197 2852 praeci-:sione
1208 2805 1245 2840 Η
1303 2803 1425 2840 anima
1439 2801 1618 2839 concidiE
1676 2800 1719 2836 26
1735 2799 1844 2836 dono·

273 2863 382 2900 cratis
392 2865 421 2899 C
498 2864 720 2912 quod—sua]
736 2865 879 2912 quando
896 2877 937 2902 ea
954 2864 1044 2901 uisu.
1061 2868 1127 2901 aut
1137 2864 1166 2900 0
1241 2864 1283 2900 27
1299 2875 1319 2900 e
1334 2863 1436 2899 omA
1450 2861 1513 2898 aT

297 2981 312 2998 ι.

115 2999 136 3012 ,,
203 3000 218 3009 γ,

138 3011 214 3028 ”.’,.,,
270 3020 303 3026 ‚,

188 3012 342 3050 ¹¹*szss-

239 3050 242 3054 .
286 3045 306 3054 ..
