2028 3204
186 895 223 925 io

186 1223 222 1253 ¹5

183 1552 225 1581 20

183 1880 223 1910 25

825 165 916 203 liber
949 165 1005 202 111
1036 166 1068 208 2,
1101 166 1199 209 2-3,
1229 168 1252 202 3
1744 159 1818 202 361

250 293 524 337 hereticorum
555 292 873 337 Donatistarum
911 292 977 335 uel
1014 291 1327 347 Rogatistarum
1365 293 1534 348 laqueos
1569 294 1755 345 euasisti;
1793 295 1826 337 si

251 364 391 403 autem
413 359 527 402 illum
548 363 741 402 sanctum
761 363 804 401 et
823 358 979 401 iustum
1001 358 1227 409 arbitraris,
1249 364 1296 401 tu
1318 359 1664 402 communicando
1685 360 1827 402 catho-

250 425 338 468 licis
360 425 551 468 interisti.
592 424 779 480 profecto
803 424 913 483 enim
936 428 980 466 te
1003 423 1254 466 catholicum
1280 424 1414 479 fingiS,
1440 425 1472 466 si
1497 425 1636 468 animo
1661 425 1760 468 illud
1786 440 1828 467 es

251 491 363 547 quod
387 495 476 534 erat
498 490 564 533 ille
588 504 712 546 quem
735 490 882 545 diligis.
924 494 966 532 et
989 489 1098 532 nosti
1123 503 1249 545 quam
1275 490 1512 532 terribiliter
1533 492 1735 546 scriptum
1758 492 1826 539 sit,

252 556 364 612 quod
417 555 650 612 spiritus
704 561 925 599 sanctus
983 554 1185 610 discipl
1204 555 1322 598 inae
1386 555 1558 610 fugiet
1622 556 1826 600 fictum.

249 622 284 664 si
307 627 448 665 autem
473 622 675 665 ueraciter
695 621 1006 664 communicans
1029 634 1110 664 non
1134 627 1176 677 te
1199 621 1449 664 catholicum
1472 622 1608 675 fingiS,
1633 623 1732 678 quid
1757 624 1828 666 ad-

251 687 332 730 huc
360 687 587 731 hereticum
616 693 828 730 mortuum
858 688 914 729 sic
942 686 1090 742 diligis,
1120 692 1167 730 ut
1196 688 1282 729 eius
1311 687 1411 730 uelis
1439 693 1481 729 te
1510 688 1664 730 iactare
1692 688 1828 731 adhuc

252 753 430 804 nomine,
448 754 563 796 cuius
580 753 663 796 iam
680 767 762 796 non
780 753 932 795 teneris
948 752 1112 795 errore?
1146 752 1338 795 nolumus
1354 759 1396 794 te
1413 753 1564 795 habere
1581 753 1664 795 tale
1681 767 1829 809 cogno·

252 825 454 870 mentum,
473 824 691 874 tamquam
707 819 762 861 sis
778 819 947 861 heretici
963 818 1117 861 mortui
1134 824 1472 869 monumentum;
1492 819 1685 861 nolumus
1701 819 1827 862 talem

252 884 422 927 titulum
450 884 601 927 habere
628 884 778 927 librum
806 890 940 935 tuum,
971 883 1136 940 qualem
1164 884 1314 927 falsum
1342 898 1428 927 esse
1456 885 1697 936 diceremus,
1726 885 1758 927 si
1788 885 1827 927 in

252 950 338 993 eius
355 950 540 1006 sepulcro
558 950 796 1005 legeremus.
830 964 911 993 non
930 950 1038 992 enim
1058 949 1322 995 Vincentium
1341 951 1541 993 uictorem
1559 950 1711 993 scimus
1728 964 1827 998 esse,

252 1016 321 1058 sed
351 1016 529 1066 uictum3
559 1022 600 1058 et
627 1017 789 1059 utinam
818 1016 1040 1067 fructuose,
1069 1016 1176 1058 sicut
1203 1021 1245 1058 te
1273 1017 1382 1059 uinci
1411 1016 1603 1058 uolumus
1631 1016 1828 1058 ueritate!

251 1087 391 1124 astute
418 1087 558 1124 autem
588 1082 748 1137 putaris
775 1087 817 1124 et
845 1081 1003 1133 callide,
1033 1095 1125 1124 cum
1156 1081 1280 1123 libros
1308 1088 1415 1130 tuoS,
1446 1095 1548 1136 quos
1576 1082 1686 1124 credi
1713 1083 1829 1137 cupis

252 1146 319 1189 illo
339 1147 416 1189 tibi
436 1147 645 1190 reuelante
664 1148 858 1199 dictatos,
879 1147 1062 1203 appellas
1082 1147 1288 1189 Vincentii
1309 1148 1498 1198 Victoris,
1521 1162 1601 1190 non
1623 1154 1711 1190 tam
1732 1148 1830 1190 Vin-

251 1213 433 1255 centium
451 1218 493 1255 te
510 1227 637 1269 quam
654 1213 769 1256 illum
788 1214 927 1256 uocari
944 1213 1121 1256 uoluisse
1139 1213 1360 1263 Victorem,
1381 1213 1494 1256 uelut
1512 1213 1588 1255 tibi
1606 1213 1829 1256 reuelando

252 1291 359 1333 quae
383 1279 578 1321 scriberes
604 1279 768 1322 uicisset
793 1292 982 1321 errorem.
1026 1284 1072 1321 ut
1098 1279 1197 1334 quid
1222 1279 1299 1321 tibi
1324 1279 1417 1330 ista,
1444 1278 1534 1321 fili?
1576 1284 1664 1320 esto
1690 1279 1830 1334 potius

253 1356 386 1395 ueruS‚
416 1358 497 1386 non
527 1345 652 1387 fictus
680 1344 920 1396 catholicus,
952 1358 1001 1386 ne
1030 1350 1072 1386 te
1101 1344 1233 1399 fugiat
1263 1345 1431 1400 spiritus
1461 1350 1629 1387 sanctus
1658 1351 1699 1386 et
1729 1344 1830 1386 nihil

253 1408 329 1452 tibi
355 1410 486 1465 possit
511 1411 704 1465 prodesse
731 1410 985 1456 Vincentius.
1011 1410 1054 1452 in
1081 1423 1203 1465 quem
1230 1423 1272 1452 se
1298 1411 1349 1452 ad
1376 1416 1418 1452 te
1444 1410 1670 1452 fallendum
1697 1416 1830 1453 trans-

252 1475 451 1529 figurauit
475 1475 795 1530 malignissimus
820 1476 1008 1531 spiritus;
1034 1476 1120 1518 eius
1146 1477 1300 1532 quippe
1324 1481 1422 1518 sunt
1447 1475 1516 1518 illa
1541 1475 1727 1530 qualibet
1753 1476 1829 1518 tibi

254 1539 397 1583 fraude
414 1554 621 1596 persuasa.
658 1555 764 1596 quae
782 1541 813 1583 si
832 1542 1087 1584 ammonitus
1104 1542 1174 1596 pia
1190 1541 1428 1584 humilitate
1447 1547 1487 1583 et
1506 1541 1712 1583 catholica
1729 1555 1831 1596 pace

252 1607 487 1657 correxeris,
507 1620 660 1649 errores
677 1607 802 1650 fuisse
819 1607 1119 1650 iudicabuntur
1133 1607 1424 1650 studiosissimi
1443 1607 1602 1649 iuuenis
1620 1607 1829 1649 emendari

253 1672 392 1728 potius
416 1685 541 1728 quam
566 1673 606 1715 in
632 1673 687 1715 eis
711 1686 922 1715 remanere
945 1673 1160 1728 cupientis.
1201 1673 1235 1715 si
1258 1678 1398 1715 autem
1425 1686 1497 1728 pro
1522 1673 1578 1714 eis
1601 1672 1678 1714 tibi
1703 1673 1829 1715 etiam

253 1738 562 1781 contentionem
574 1763 624 1768 —
637 1739 747 1794 quod
760 1739 870 1781 absit
883 1738 892 1781 !
910 1764 960 1769 —
974 1739 1222 1794 persuaserit
1235 1739 1505 1794 peruicacem,
1519 1739 1600 1780 iam
1612 1744 1830 1793 tamquam

253 1803 434 1846 heretica
451 1804 651 1859 dogmata
668 1818 762 1847 cum
780 1818 855 1847 suo
874 1818 1035 1846 necesse
1055 1805 1131 1846 erit
1149 1810 1318 1847 auctore
1336 1804 1538 1855 damnari,
1559 1817 1658 1846 cura
1675 1804 1829 1846 seilicet

253 1868 451 1924 pastorali
471 1875 512 1912 et
530 1870 778 1921 medicinali,
799 1870 1041 1925 priusquam
1061 1883 1134 1924 per
1152 1870 1366 1912 incautum
1387 1869 1536 1923 uulgus
1554 1876 1722 1924 serpant
1741 1870 1831 1911 dira

253 1935 458 1990 contagia,
476 1948 569 1977 cum
586 1934 817 1977 dilectionis
834 1949 915 1977 nou
932 1936 1123 1986 ueritate,
1139 1935 1211 1977 sed
1228 1935 1394 1977 nomine
1409 1935 1584 1977 salubris
1602 1934 1832 1989 neglegitur

253 1999 481 2055 disciplina.

362 2065 439 2108 III.
463 2067 500 2108 3.
528 2065 570 2108 Si
593 2066 754 2120 quaeris
777 2079 983 2121 quaenam
1006 2065 1075 2108 illa
1095 2065 1193 2116 sint,
1218 2066 1371 2121 poteris
1393 2066 1561 2121 quidem
1586 2065 1715 2119 legere
1738 2079 1831 2107 mea

252 2131 408 2186 scripta
441 2131 493 2173 ad
527 2130 675 2174 fratres
709 2137 884 2183 nostros,
922 2131 1131 2174 Renatum
1165 2131 1230 2173 dei
1263 2145 1429 2174 seruum
1464 2136 1505 2173 et
1539 2131 1829 2186 presbyterum

340 2230 361 2266 5
376 2220 459 2278 Sap.
482 2233 511 2273 1,
531 2232 553 2267 5
645 2231 688 2268 25
707 2231 750 2267 cf.
769 2231 872 2279 Verg.
895 2232 1019 2278 Georg.
1040 2232 1190 2268 111468.
1209 2232 1275 2268 469

345 2304 359 2337 1
377 2303 635 2339 haereticorum
648 2304 690 2345 A,
703 2303 791 2339 om.l
926 2304 946 2338 2
963 2303 1099 2340 iustum
1115 2314 1188 2339 esse
1200 2304 1231 2339 E
1383 2305 1405 2340 3
1421 2302 1501 2339 site
1517 2302 1731 2340 catholicum
1746 2304 1825 2349 (om.

255 2364 341 2407 post.
356 2363 401 2409 si)
415 2363 452 2398 Η
458 2364 487 2399 Τ
533 2366 569 2399 te
583 2364 682 2399 om.C
728 2363 908 2409 si-tingis
926 2364 1027 2399 om.A
1084 2363 1210 2399 illudes
1227 2363 1326 2399 ΒΕΗ
1391 2375 1426 2399 es
1441 2363 1539 2400 omo
1592 2363 1614 2399 5
1631 2363 1745 2409 fugiat
1757 2362 1825 2398 DH

257 2421 406 2468 effugiat
416 2423 448 2458 E
464 2420 612 2470 effugiet
621 2423 653 2459 T
804 2425 825 2459 6
843 2423 1082 2459 communicas
1095 2424 1126 2459 Ε
1291 2424 1403 2469 finges
1416 2423 1508 2459 ΗΜ]
1647 2425 1666 2459 7
1679 2423 1827 2459 haereti-

256 2491 336 2517 cum
347 2483 380 2517 A
458 2486 495 2518 te
509 2482 597 2518 uelis
611 2483 647 2519 H
722 2483 744 2520 8
761 2484 930 2519 errorem
941 2495 1010 2520 ras.
1023 2484 1054 2519 Ε
1122 2487 1374 2519 nonomentum
1386 2484 1414 2519 Ο
1489 2485 1511 2518 9
1527 2481 1786 2519 monimentum
1798 2482 1828 2516 T

256 2543 295 2577 11
313 2542 496 2588 sepulchro
511 2541 651 2578 ABDH
699 2543 740 2578 12
754 2542 847 2579 sicut
860 2546 898 2579 et
914 2546 950 2579 te
960 2543 992 2579 E
1048 2544 1091 2580 13
1106 2543 1203 2590 quod
1216 2544 1248 2579 E
1294 2543 1335 2579 15
1352 2554 1478 2579 uocare
1491 2543 1528 2579 Η
1576 2542 1617 2578 16
1633 2541 1714 2587 tibi]
1728 2541 1822 2576 sibib

261 2602 303 2638 18
319 2601 483 2648 prodesse
498 2602 611 2649 possit
623 2603 655 2638 Ε
767 2603 879 2650 possit
895 2602 1000 2640 om.H
1113 2606 1150 2640 te
1166 2603 1211 2639 ad
1227 2614 1264 2639 se
1281 2603 1309 2638 C
1431 2603 1470 2638 21
1490 2600 1752 2639 studiosissime
1765 2600 1828 2635 BC

258 2660 301 2696 22
316 2672 370 2707 pr.
381 2660 454 2698 eius
466 2661 496 2697 0
571 2662 613 2699 24
629 2661 849 2700 haereticaA
926 2661 1025 2709 cun]
1039 2662 1257 2710 correptione
1271 2662 1306 2698 H
1386 2663 1428 2697 25
1446 2662 1521 2709 per]
1539 2673 1600 2708 pro
1618 2660 1647 2696 C
1715 2661 1757 2695 27
1773 2659 1827 2695 di-

258 2720 421 2768 sciplina]
430 2720 634 2759 medicinab
715 2723 759 2759 28
771 2727 858 2760 sunt
869 2722 933 2760 illa
946 2723 978 2759 B
994 2713 1056 2759 illa
1066 2727 1153 2760 sunt
1162 2723 1190 2758 C
1205 2721 1375 2759 illisuntl
1448 2721 1490 2757 29
1503 2721 1760 2769 praesbiterum
1773 2719 1823 2755 AI

257 2780 492 2827 presbiterum
505 2781 568 2817 BC
