2028 3204
633 162 700 199 lll.
728 162 838 198 Index
862 161 1049 198 uerborum
1075 166 1110 197 et
1135 160 1372 196 elocutionum

208 285 339 321 ieiuno:
364 284 459 331 quod
483 283 538 319 bis
559 283 596 319 in
619 283 768 318 sabbato
791 282 961 318 ieiunaret

257 344 271 380 1
296 345 351 386 76,
377 344 428 380 15.

209 405 330 450 igneus
352 403 464 439 imber
490 402 524 438 11
549 403 626 444 287,
651 403 704 438 25.

209 464 410 510 ignoranter
440 462 585 509 petebat
618 461 633 496 1
663 462 741 503 392,
775 462 826 497 17.
871 471 961 507 quae

253 524 453 569 ignoranter
486 522 560 557 siue
595 532 684 568 quae
719 521 867 556 scienter
901 520 961 556 ad-

254 583 359 618 missa
383 587 465 617 sunt
491 581 506 617 1
530 583 608 623 490,
632 582 664 617 5.

209 655 381 701 ignoratio
407 653 421 689 1
445 654 522 695 489,
548 654 604 694 15;
628 653 741 687 ceteris
763 652 843 687 locis
865 652 961 698 igno-

255 714 379 749 rantia.

209 775 329 820 ignoro
350 774 444 820 quod
469 772 482 808 I
504 774 558 814 25,
580 773 610 808 5.
634 773 687 814 72,
709 773 761 808 21.
783 772 905 818 ignoro
925 789 955 799 z

255 845 323 868 non
350 833 439 868 facio
466 832 479 867 Ι
504 834 581 874 444,
609 835 637 868 l.

211 894 288 928 ilico
316 893 348 928 ll
374 894 451 934 317,
478 894 529 928 15.

210 953 302 988 illac:
339 954 401 988 hac
435 956 542 998 atque
575 952 651 987 illac
686 951 786 997 quasi
820 951 963 986 ferimur

259 1013 271 1047 1
297 1015 373 1054 404,
402 1014 452 1048 13.

211 1085 327 1120 illaesa
339 1095 444 1119 manu
458 1083 610 1119 excussit
622 1083 777 1129 uiperam
794 1081 895 1123 1187,
910 1083 961 1117 12.

212 1144 266 1179 ille
290 1145 363 1190 ipse
390 1143 424 1178 11
451 1144 525 1185 159,
551 1144 603 1179 22.

211 1204 278 1239 illic
304 1204 398 1250 apud
425 1203 669 1249 Carthaginem
699 1201 712 1236 l
741 1203 815 1243 139,
844 1203 894 1237 11.

211 1264 302 1298 illinc
331 1263 343 1298 I
369 1265 423 1305 82,
450 1264 502 1298 10.

212 1323 395 1369 imaginari
415 1334 558 1369 corpora
587 1322 786 1357 absentium
811 1321 824 1356 1
846 1323 922 1363 411,
946 1323 960 1357 1

211 1383 379 1429 imagines
404 1383 556 1417 uisorum
586 1381 597 1416 l
624 1383 700 1423 404,
728 1382 778 1417 15.

210 1455 367 1489 imitator
390 1454 520 1489 diaboli
548 1453 561 1488 l
588 1455 639 1495 17,
666 1454 717 1489 15.
756 1453 920 1499 Cypriani

255 1515 332 1555 552,
357 1517 388 1549 4.
413 1514 608 1549 imitatores
632 1513 715 1548 fidei
747 1513 924 1548 Abraham
949 1511 964 1547 1

259 1575 333 1615 193,
358 1575 411 1609 23.

212 1634 363 1668 immane
376 1633 620 1679 praecipitium
638 1632 741 1674 1307,
755 1633 806 1668 15.
820 1633 897 1674 338,
912 1634 962 1667 18.

256 1693 425 1728 immania
453 1703 539 1727 saxa
570 1692 583 1727 1
612 1693 689 1734 309,
721 1694 772 1728 11.
802 1692 880 1734 353,
909 1693 962 1727 21.

257 1754 408 1787 immane
433 1752 640 1798 supplicium
669 1751 683 1787 Ι
707 1753 785 1794 309,
811 1753 862 1787 19.
900 1752 964 1786 im-

257 1813 395 1847 manius
419 1823 559 1858 peccare
586 1811 600 1846 I
625 1813 679 1854 31,
707 1813 757 1847 17.

212 1884 414 1918 immolatur
447 1883 589 1918 domino
623 1883 735 1918 oratio
772 1882 786 1916 I
821 1883 897 1924 246,
931 1885 963 1918 4.

258 1954 419 1989 pecorum
448 1943 611 1977 uictimas
637 1942 816 1977 immolare
846 1942 860 1976 I
887 1942 964 1983 496,

261 2003 310 2038 17.

212 2062 388 2097 immorari
414 2062 449 2096 in
475 2061 643 2096 facultate
668 2072 708 2096 ac
733 2061 966 2107 possibilitate

260 2127 404 2157 naturae
434 2121 467 2156 ΙΙ
497 2122 571 2163 154,
600 2122 651 2157 13.
690 2121 727 2156 in
753 2121 809 2156 his
832 2121 967 2156 diutius

258 2181 435 2216 immorari
469 2180 482 2216 I
513 2183 567 2222 31,
600 2182 653 2222 13,
682 2183 726 2225 cs.
760 2180 773 2215 1
806 2182 881 2222 173,
912 2180 964 2216 25.

259 2242 335 2282 270,
372 2242 425 2277 26.
475 2241 530 2275 hic
566 2240 701 2275 diutius
735 2240 913 2275 immorari
951 2239 965 2275 1

259 2302 336 2342 398,
362 2301 392 2336 7.
418 2301 495 2342 415,
519 2301 550 2335 5.
576 2301 653 2342 465,
678 2301 731 2336 26.

214 2371 380 2407 immunis
394 2371 439 2407 ab
453 2371 612 2418 originali
627 2375 771 2418 peccato
789 2370 804 2406 1
821 2372 896 2412 135,
911 2372 964 2407 22.

259 2431 304 2467 ab
319 2431 414 2466 omni
430 2431 558 2466 delicto
576 2431 590 2466 Ι
609 2433 684 2473 144,
700 2432 759 2472 21;
775 2432 818 2475 cl.
838 2429 873 2465 11
888 2431 966 2473 259,

262 2491 312 2526 16.
338 2491 415 2532 311,
439 2491 493 2526 25.

215 2550 451 2596 impeccabilis
476 2549 511 2585 11
537 2550 612 2591 108,
636 2551 668 2585 8.

214 2609 434 2655 imperiosus:
463 2609 506 2645 de
532 2609 677 2645 libidine
704 2609 890 2655 imperiosa
916 2609 967 2644 in-

234 2700 236 2702 ,
260 2669 397 2715 pudicis
423 2668 457 2704 11
480 2669 558 2711 316,
583 2669 636 2705 26.

215 2728 369 2774 impetus
388 2739 501 2775 aquae
524 2728 539 2763 l
563 2729 638 2771 158,
659 2728 713 2764 26.
748 2727 967 2774 eloquentiae

265 2786 278 2822 l
297 2788 375 2830 353,
395 2788 446 2824 17.
478 2787 665 2823 anhelandi
682 2787 836 2834 impetus
857 2786 871 2822 1
889 2787 967 2830 364,

1710 154 1790 199 669

1080 283 1111 316 4.
1142 280 1359 316 recitationis
1390 279 1402 314 1
1432 280 1509 321 419,
1540 281 1591 315 11.
1633 278 1791 325 disputa·

1080 341 1216 375 tionum
1250 340 1263 375 I
1292 341 1369 381 451,
1401 340 1451 375 16.
1493 338 1746 385 indignationis
1777 338 1790 373 I

1080 401 1158 442 455,
1186 402 1236 435 18.

1034 460 1199 506 impietas
1215 459 1368 494 heretica
1389 458 1422 494 11
1440 459 1495 501 67,
1515 460 1566 494 13.
1596 458 1792 504 impietatis

1080 519 1259 555 uinculum
1294 518 1307 554 I
1339 520 1393 560 23,
1426 520 1477 555 13.
1521 517 1699 564 originalis
1728 518 1791 552 im-

1081 580 1194 625 pietas
1228 579 1241 614 l
1276 580 1329 620 28,
1363 580 1415 614 22.
1462 578 1697 614 calumniosae
1728 577 1791 612 im-

1082 639 1232 685 pietates
1259 638 1271 672 l
1298 640 1374 679 468,
1402 641 1430 673 1.

1035 699 1243 745 impiissima
1271 702 1305 733 et
1334 698 1580 743 superbissima
1607 697 1746 732 uanitas
1778 696 1791 731 1

1080 760 1157 800 542,
1190 760 1230 794 13
1259 779 1302 783 -—
1331 758 1536 803 impiissime
1566 768 1724 803 separare
1758 755 1792 791 11

1082 820 1158 860 257,
1183 819 1214 853 7.

1036 879 1144 913 imus:
1180 878 1226 913 ab
1260 878 1330 912 imo
1366 877 1458 922 (opp.
1495 887 1517 911 a
1550 887 1687 911 summo
1722 876 1793 920 dei)

1083 942 1201 973 autem
1231 937 1384 983 corporis
1416 936 1428 971 Ι
1457 937 1536 977 400,
1565 937 1619 972 23.
1648 936 1693 971 ad
1721 936 1793 970 ima

1084 998 1231 1043 uestigia
1259 996 1272 1031 l
1298 999 1375 1038 411,
1404 997 1454 1032 15.

1038 1058 1073 1093 in
1096 1069 1171 1092 cum
1193 1057 1271 1092 abl..·
1293 1057 1328 1091 in
1351 1056 1500 1091 ueritate
1523 1056 1676 1101 cognitio
1699 1060 1734 1090 et
1756 1055 1792 1090 in

1083 1117 1283 1152 humilitate
1311 1116 1481 1151 confessio
1512 1115 1526 1150 l
1555 1116 1632 1156 508,
1663 1117 1714 1150 14.
1756 1115 1792 1149 ἰῃ

1083 1180 1195 1222 temp:
1211 1177 1246 1211 in
1264 1176 1451 1222 praesenti,
1466 1176 1503 1210 in
1519 1176 1639 1210 futuro
1656 1175 1791 1210 saeculo

1086 1237 1100 1272 I
1118 1238 1151 1279 8,
1172 1238 1222 1272 12.
1240 1237 1276 1271 in
1295 1236 1398 1271 huius
1415 1236 1510 1270 uitae
1528 1239 1684 1281 tempore
1705 1235 1717 1269 I
1740 1235 1791 1275 18,

1084 1298 1136 1332 29.
1174 1297 1210 1331 in
1234 1296 1293 1331 illa
1316 1300 1433 1331 aetate
1460 1295 1474 1330 l
1499 1296 1553 1336 35,
1581 1297 1632 1330 14.
1657 1295 1712 1336 38,
1740 1297 1790 1330 14.

1087 1356 1214 1398 11261,
1232 1358 1327 1400 2;cl.
1349 1355 1455 1397 1160,
1472 1357 1503 1391 3.
1521 1356 1575 1396 81,
1593 1357 1624 1390 4.
1645 1355 1719 1396 117,
1740 1356 1790 1390 14.

1088 1416 1100 1451 Ι
1124 1417 1179 1458 53,
1203 1417 1255 1452 24.
1280 1416 1356 1457 265,
1382 1416 1433 1451 12.
1458 1416 1535 1456 290,
1559 1415 1612 1450 26.
1637 1415 1690 1450 28.
1714 1414 1791 1455 325,

1087 1477 1137 1512 15.
1163 1477 1215 1511 23.
1241 1476 1318 1516 478,
1343 1477 1373 1510 7.
1398 1476 1475 1516 522,
1500 1476 1530 1510 9.
1559 1477 1609 1509 14.
1634 1474 1711 1515 541,
1739 1475 1789 1509 19.

1083 1536 1160 1577 558,
1184 1536 1215 1571 6.
1252 1535 1287 1570 in
1312 1535 1385 1570 locs
1409 1535 1444 1569 in
1471 1534 1632 1569 Sodomis
1658 1533 1691 1568 11
1715 1534 1792 1575 287,

1084 1596 1137 1631 25.
1175 1596 1211 1630 in
1236 1595 1300 1630 hoc
1324 1595 1398 1629 loco
1423 1594 1592 1640 epistulae
1619 1593 1634 1628 Ι
1658 1595 1734 1634 438,
1759 1594 1790 1628 8.

1083 1655 1119 1690 in
1140 1655 1208 1690 isto
1228 1655 1303 1690 loco
1328 1654 1340 1689 Ι
1362 1655 1439 1695 508,
1461 1655 1497 1695 7;
1517 1655 1561 1697 cs.
1586 1653 1619 1688 ΙΙ
1642 1655 1717 1695 130,
1738 1654 1790 1688 28.

1085 1715 1159 1757 155,
1192 1715 1223 1750 5.
1260 1716 1334 1755 160,
1365 1717 1397 1750 4.
1434 1714 1507 1755 165,
1542 1715 1593 1749 14.
1627 1714 1703 1754 317,
1740 1715 1790 1748 11.

1086 1774 1100 1809 I
1141 1775 1215 1816 105,
1254 1775 1306 1810 23.
1348 1775 1422 1815 189,
1457 1776 1486 1809 1.
1520 1774 1596 1813 238,
1631 1774 1682 1808 10.
1716 1774 1792 1813 239,

1086 1835 1136 1870 19.
1185 1835 1261 1875 289,
1317 1835 1348 1869 9.
1396 1834 1473 1875 316,
1523 1836 1551 1868 l.
1599 1834 1676 1874 318,
1738 1833 1791 1867 23.

1083 1895 1161 1935 347,
1193 1894 1224 1928 5.
1258 1894 1334 1935 438,
1367 1894 1398 1928 8.
1432 1893 1508 1933 451,
1542 1892 1595 1927 25.
1628 1892 1705 1933 521,
1740 1893 1790 1927 19.

1083 1953 1119 1987 in
1143 1964 1204 1997 pro
1226 1953 1305 1988 abl.:
1329 1953 1364 1987 in
1388 1952 1618 1997 castigatione
1642 1951 1794 1997 corporis

1086 2013 1242 2048 frenatur
1272 2011 1554 2057 concupiscentia
1587 2011 1621 2046 II
1655 2011 1706 2052 16,
1740 2013 1791 2046 11.

1084 2072 1267 2118 aegritudo
1296 2076 1441 2106 sanatur
1468 2072 1503 2106 in
1532 2071 1606 2106 cius
1633 2071 1745 2116 gratia
1779 2070 1791 2105 l

1085 2133 1139 2174 24,
1184 2132 1235 2167 19.
1291 2142 1369 2167 cum
1412 2130 1638 2166 scandalizati
1679 2134 1794 2165 essent

1085 2191 1225 2237 plurimi
1250 2191 1286 2226 in
1311 2191 1385 2226 eius
1411 2202 1566 2225 sermone
1596 2190 1609 2224 l
1635 2191 1711 2231 427,
1739 2191 1791 2225 25.

1084 2251 1223 2297 gloriari
1257 2251 1293 2286 in
1329 2251 1472 2286 domino
1503 2250 1517 2285 1
1544 2251 1621 2291 429,
1652 2251 1702 2285 13.
1743 2250 1793 2284 ἰη-

1085 2311 1179 2346 fudit
1197 2311 1232 2345 in
1252 2311 1342 2346 uitio
1364 2310 1398 2345 11
1418 2311 1496 2351 280,
1514 2311 1546 2345 5.
1579 2310 1615 2344 in
1635 2310 1791 2355 profectu

1085 2370 1246 2405 anteibat
1274 2370 1288 2404 1
1314 2371 1369 2411 89,
1398 2371 1448 2406 15.
1488 2369 1525 2404 in
1551 2381 1586 2403 se
1611 2369 1749 2414 gloriari
1779 2368 1791 2402 1

1085 2431 1162 2471 425,
1186 2431 1239 2466 23.
1263 2430 1340 2471 512,
1363 2431 1416 2465 21.
1452 2429 1488 2464 in
1512 2439 1575 2463 sua
1597 2428 1734 2463 iustitia
1759 2427 1792 2462 11

1085 2491 1141 2531 34,
1158 2491 1216 2531 13;
1231 2491 1275 2534 cl.
1294 2489 1308 2524 Ι
1324 2490 1402 2530 570,
1419 2490 1461 2524 10
1474 2509 1519 2514 —
1534 2488 1600 2522 nisi
1615 2487 1792 2522 ecclesiam

1085 2549 1122 2584 in
1142 2549 1225 2584 solis
1245 2549 1346 2584 bonis
1367 2548 1497 2583 uellent
1516 2547 1674 2582 fortassis
1694 2547 1794 2582 intel-

1085 2609 1153 2655 legi
1174 2608 1209 2643 ΙΙ
1229 2609 1286 2650 80,
1306 2609 1359 2644 23.
1392 2608 1429 2642 in
1449 2607 1515 2642 hoc
1533 2606 1687 2652 intellegi
1706 2606 1794 2641 solet

1087 2667 1123 2703 ΙΙ
1146 2669 1202 2709 63,
1227 2668 1279 2703 16.
1317 2668 1390 2713 ipse
1414 2671 1467 2702 est
1489 2666 1527 2701 in
1550 2665 1653 2712 culpa
1679 2665 1714 2700 ΙΙ
1737 2666 1792 2707 56,

1087 2730 1139 2763 11.
1166 2728 1221 2768 59,
1247 2727 1300 2762 20.
1328 2727 1380 2762 25.
1407 2727 1463 2767 84,
1490 2727 1542 2762 12.
1581 2725 1629 2761 sit
1652 2736 1733 2771 ergo
1757 2725 1794 2760 in

1085 2786 1245 2833 exemplo
1277 2785 1312 2821 11
1342 2786 1418 2827 235,
1448 2786 1479 2821 2.
1521 2785 1557 2820 in
1587 2785 1680 2820 bono
1709 2795 1792 2826 esse,
