2028 3204
227 236 307 278 478
604 246 642 280 V.
678 247 806 283 Contra
839 246 926 282 duas
956 245 1124 292 epistulas
1156 246 1423 293 Pelagianorum

232 371 522 427 alioquin
551 371 761 428 gratia
791 371 893 414 iam
923 385 1025 414 non
1056 377 1137 415 est
1167 371 1804 430 gratia.praeceditnamque

232 448 316 479 non
337 437 491 487 debita,
523 438 593 479 sed
615 437 801 490 gratuita
825 437 972 492 gratia,
999 442 1047 480 ut
1073 450 1146 492 per
1170 437 1283 480 illam
1309 437 1417 481 fiant
1442 437 1551 480 bona
1574 451 1711 494 opera,
1738 452 1802 490 ne,

231 502 266 545 si
292 503 588 558 praecesserint
614 502 723 545 bona
748 515 886 558 opera,
913 507 1129 558 tamquam
1154 503 1346 558 operibus
1373 503 1572 546 reddatur
1597 503 1732 559 gratia
1756 517 1805 547 ac

234 568 292 610 sic
320 568 455 623 gratia
483 568 567 610 iam
595 581 675 610 non
705 567 756 610 sit
787 568 931 623 gratia.

337 635 398 676 16.
430 634 510 676 Sed
537 638 583 676 ut
611 633 727 676 uobis
744 634 976 676 auferretur
991 633 1124 676 omnis
1142 638 1305 676 uestrae
1321 634 1504 690 caliginis
1521 634 1694 686 latebra,
1712 647 1803 690 pro-

231 703 375 754 pterea
383 699 566 754 geminos
577 699 680 741 tales
699 698 906 754 proposui,
920 699 991 754 qui
1009 712 1142 754 neque
1154 704 1372 754 parentum
1389 699 1546 742 meritis
1563 699 1806 743 iuuarentur

230 770 272 806 et
297 765 420 806 ambo
445 765 488 806 in
507 764 707 807 infantiae
734 764 972 819 primordio,
998 778 1105 807 unus
1130 765 1380 820 baptizatuS‚
1407 765 1512 807 alter
1536 765 1622 807 sine
1648 765 1805 820 baptis-

230 835 357 881 mate,
379 836 649 881 morerentur,
674 844 722 872 ne
746 830 934 872 diceretis
957 830 1093 882 deum,
1118 830 1223 872 sicut
1245 830 1296 872 de
1320 830 1443 873 Iacob
1465 835 1508 873 et
1528 830 1640 873 Esau
1662 835 1806 874 contra

231 896 469 950 apostolum
495 896 643 947 dicitis,
672 908 797 951 opera
831 908 971 938 eorum
1006 896 1148 938 futura
1183 895 1415 950 praescisse.
1455 896 1660 951 quomodo
1694 896 1805 938 enim

230 961 449 1016 praesciuit
465 975 514 1003 ea
531 962 683 1012 futura,
704 974 809 1016 quac
827 960 903 1003 illis
921 961 963 1002 in
980 961 1159 1003 infantia
1174 961 1396 1012 morituris,
1417 961 1514 1016 quia
1531 961 1804 1016 praescientia

229 1026 314 1068 eius
336 1026 424 1069 falli
445 1040 527 1069 non
545 1032 699 1082 potest,
718 1026 938 1082 praesciuit
959 1027 1097 1082 potius
1120 1040 1202 1068 non
1223 1026 1393 1069 futura?
1418 1031 1491 1069 aut
1514 1027 1614 1082 quid
1635 1028 1804 1082 prodest

232 1092 303 1144 eis,
329 1092 400 1148 qui
422 1093 643 1147 rapiuntur
665 1106 716 1134 ex
739 1093 817 1134 hae
841 1092 941 1143 uita,
966 1105 1016 1134 ne
1041 1091 1201 1134 malitia
1223 1098 1360 1134 mutet
1384 1092 1640 1135 intellectum
1664 1106 1804 1135 eorum

231 1162 306 1200 aut
328 1171 379 1199 ne
402 1157 518 1200 fictio
542 1158 723 1212 decipiat
747 1157 929 1199 animam
952 1171 1106 1208 eorum,
1131 1157 1163 1200 si
1182 1163 1400 1212 peccatum
1422 1157 1563 1208 etiam,
1588 1159 1700 1213 quod
1722 1172 1804 1200 non

232 1228 297 1265 est
330 1223 502 1274 factum,
534 1223 704 1273 dictum,
750 1223 990 1279 cogitatum,
1026 1228 1240 1278 tamquam
1275 1223 1536 1266 commissum
1570 1222 1709 1274 fuerit,
1745 1224 1803 1267 sic

228 1288 427 1343 punitur?
482 1288 627 1344 quodsi
674 1288 1029 1339 absurdissimum,
1067 1288 1392 1339 insulsissimum,
1446 1288 1803 1332 dementissimum

228 1360 292 1396 est
310 1354 518 1409 quoslibet
534 1354 719 1396 homines
736 1366 788 1396 ex
805 1353 866 1396 his
884 1354 1076 1409 peccatis,
1095 1367 1271 1409 quorum
1287 1367 1364 1396 nec
1379 1358 1540 1396 reatum
1555 1367 1607 1396 ex
1623 1354 1802 1409 parenti-

228 1420 303 1461 bus
336 1420 511 1471 trahere,
545 1420 651 1462 sicut
683 1419 831 1470 dicitis,
864 1432 939 1462 nec
969 1433 1018 1462 ea
1048 1432 1131 1461 non
1161 1419 1294 1461 solum
1325 1419 1594 1470 committere,
1627 1420 1698 1461 sed
1729 1431 1804 1462 nec

226 1485 374 1527 saltem
398 1485 575 1541 cogitare
602 1490 841 1540 potuerunt,
868 1498 954 1528 esse
979 1485 1250 1535 damnandos,
1276 1484 1383 1527 redit
1408 1485 1461 1527 ad
1486 1498 1559 1527 uos
1585 1485 1713 1527 frater
1737 1485 1802 1527 ille

225 1551 412 1605 geminus
439 1551 641 1605 baptizati
670 1565 752 1593 non
778 1550 1016 1605 baptizatus
1044 1555 1086 1592 et
1112 1550 1263 1593 tacitus
1291 1550 1453 1605 quaerit
1480 1563 1505 1592 a
1530 1550 1660 1601 uobis,
1689 1550 1798 1592 unde

226 1615 352 1658 fuerit
385 1629 411 1658 a
442 1616 623 1658 fraterna
657 1616 854 1658 felicitate
887 1615 1100 1666 discretus,
1134 1629 1206 1657 cur
1238 1615 1308 1657 illa
1341 1615 1580 1658 infelicitate
1614 1616 1799 1671 punitus,

226 1687 274 1723 ut
300 1681 368 1723 illo
396 1681 438 1723 in
466 1682 530 1723 dei
557 1682 664 1723 filios
694 1682 892 1736 adoptato
921 1681 1006 1736 ipse
1034 1694 1117 1722 non
1143 1680 1346 1736 acciperet
1373 1681 1564 1723 onmibus
1591 1681 1801 1724 aetatibus

226 1746 515 1798 necessarium,
544 1747 648 1790 sicut
675 1746 878 1798 fatemini,
905 1750 1222 1796 sacramentum,
1250 1746 1283 1788 si
1310 1746 1659 1800 quemadmodum
1686 1746 1801 1789 nulla

226 1817 290 1854 est
305 1812 474 1855 fortuna
488 1813 553 1855 uel
570 1812 706 1854 fatum
720 1812 787 1854 uel
802 1811 914 1867 apud
930 1811 1052 1854 deum
1066 1811 1251 1866 acceptio
1269 1824 1547 1866 personarum,
1564 1811 1625 1853 ita
1640 1811 1800 1854 nullum

227 1882 290 1920 est
322 1878 478 1933 gratiae
513 1878 598 1920 sine
626 1877 781 1920 meritis
815 1878 984 1928 donum,
1018 1876 1179 1919 nullum
1210 1876 1405 1931 originale
1439 1882 1667 1931 peccatum.
1703 1877 1798 1919 huic

226 1956 391 1999 prorsus
416 1943 568 1986 infanti
591 1943 775 1999 linguam
808 1947 990 1985 uestram
1022 1955 1250 1997 uocemque
1284 1941 1558 1992 summittitis,
1586 1942 1681 1984 huic
1714 1955 1796 1984 non

231 2008 414 2064 loquenti
445 2010 544 2064 quid
574 2009 801 2064 loquamini
830 2022 911 2050 non
939 2008 1114 2050 habetis.

330 2086 447 2129 VIII.
476 2088 537 2129 17.
571 2086 660 2128 Iam
685 2100 795 2128 nunc
821 2086 1048 2136 uideamus,
1076 2092 1124 2127 ut
1150 2098 1380 2140 possumus,
1408 2085 1486 2126 hoc
1510 2084 1658 2140 ipsum,
1686 2085 1797 2140 quod

225 2152 373 2194 uolunt
386 2152 625 2207 praecedere
643 2151 683 2193 in
702 2152 879 2202 homine,
894 2156 940 2194 ut
963 2150 1170 2194 adiutorio
1193 2150 1350 2206 gratiae
1373 2150 1520 2206 dignus
1537 2150 1742 2193 habeatur
1756 2155 1799 2193 et

329 2317 369 2351 12
386 2317 428 2351 cf.
450 2318 530 2362 sap.
549 2319 579 2357 4,
601 2319 637 2351 11
719 2317 756 2351 21
780 2318 822 2351 ef.
844 2317 933 2362 Eph.
954 2319 984 2359 1,
999 2318 1019 2352 5
1097 2317 1139 2350 23
1156 2316 1198 2351 cf.
1219 2315 1289 2352 001.
1308 2315 1340 2357 3,
1361 2315 1403 2350 25

329 2436 343 2469 l
356 2435 427 2470 iam
438 2434 531 2470 om.O
563 2435 945 2481 praecedit-gratuita
955 2435 1075 2470 om.Vb
1107 2435 1127 2468 2
1137 2433 1264 2481 gratia]
1276 2433 1351 2468 add.
1365 2433 1488 2479 utique
1499 2433 1552 2468 Vb
1584 2432 1640 2479 ne]
1651 2434 1800 2470 namEF

224 2505 267 2529 ne
284 2494 328 2540 si]
345 2494 452 2531 nisiG
519 2496 540 2530 3
556 2506 596 2530 ac
615 2494 662 2531 sic
681 2494 796 2540 gratia
813 2495 907 2530 omo
974 2496 996 2530 4
1010 2505 1061 2540 pr.
1079 2493 1233 2540 gratiam
1247 2492 1279 2528 B
1336 2493 1358 2528 5
1377 2493 1517 2529 nobisC
1583 2493 1800 2529 aufereturo

224 2555 458 2599 auferreretur
469 2553 502 2588 D
553 2555 571 2590 7
589 2554 626 2589 in
643 2554 880 2592 omODEde
930 2558 968 2590 et
982 2553 1071 2590 alter
1083 2554 1115 2589 D
1164 2554 1186 2590 8
1200 2556 1396 2588 moreretur
1408 2552 1528 2589 C'm3D
1578 2553 1601 2588 9
1616 2551 1704 2588 diois
1711 2551 1796 2588 Om1

229 2614 268 2648 11
287 2618 351 2650 aut
366 2624 429 2649 om.
440 2613 523 2650 Om1
634 2614 674 2649 12
690 2614 909 2650 malitiamet
921 2613 1007 2649 Oml
1113 2614 1154 2650 13
1169 2611 1351 2658 decipiant
1363 2610 1393 2646 O
1491 2610 1618 2658 etiam]
1633 2622 1754 2648 eorum
1766 2614 1798 2649 D

226 2674 268 2708 17
285 2672 379 2709 sicut
393 2673 494 2709 om.B
583 2673 644 2709 sed
660 2672 762 2709 om.B
852 2674 894 2709 18
909 2671 1068 2710 saltimO
1156 2671 1252 2709 redit
1264 2670 1312 2707 ad
1329 2669 1405 2716 uos]
1423 2670 1484 2707 sed
1501 2670 1553 2708 ita
1568 2682 1632 2707 uos
1646 2670 1676 2707 0
1691 2672 1753 2708 sed
1767 2670 1799 2706 B

221 2732 254 2767 si
269 2732 415 2769 traoero
430 2733 476 2779 (si
489 2732 541 2768 ελ.
554 2732 626 2778 m3)
714 2733 756 2769 20
774 2732 922 2780 punitur
932 2733 961 2769 0
1029 2734 1069 2768 21
1088 2731 1166 2768 filio
1173 2731 1257 2767 OVb
1318 2730 1362 2766 24
1375 2730 1508 2766 donum
1524 2729 1600 2767 sine
1615 2730 1754 2767 meritis
1766 2729 1799 2766 B

223 2791 298 2827 sine
314 2792 413 2827 om.V
485 2792 654 2829 orientale
665 2791 750 2829 le
835 2793 877 2827 25
893 2791 1110 2828 submittitis
1121 2791 1218 2828 DEF
1304 2799 1376 2825 non
1391 2789 1529 2827 om.DB
1598 2789 1644 2825 26
1660 2789 1797 2836 quodB

223 2851 409 2887 habentis
422 2851 453 2886 B
469 2851 692 2888 habebitisD
761 2852 804 2887 28
821 2850 872 2897 et]
890 2856 932 2888 ut
945 2851 1095 2887 alicuiD
1164 2855 1200 2886 et
1216 2849 1273 2886 cui
1286 2848 1679 2886 merito—retribuatur
1693 2848 1795 2885 ουκ]

1830 648 1848 676 5

1831 973 1873 1002 10

1833 1301 1870 1330 15

1828 1628 1871 1657 20

1824 1954 1867 1984 25
