2028 3204
254 195 330 236 512
628 203 666 236 Υ.
701 204 829 238 Contra
861 201 950 235 duas
980 200 1147 246 epistulas
1180 198 1447 245 Pelagianorum

256 331 433 385 perfecte
463 334 712 384 cognouerat
742 326 942 369 uirtutem
972 322 1277 367 resurrectionis
1309 323 1410 374 ciue,
1432 322 1498 366 cui
1526 324 1713 367 restabat
1733 337 1826 367 eam

256 395 412 450 plenius
451 401 634 448 tempore
670 390 977 434 resurrectionis
1010 389 1141 432 carnis
1183 388 1429 444 experiendo
1464 388 1736 444 cognoscere?
1782 394 1825 432 et

257 459 461 514 quomodo
504 459 586 500 iam
632 458 811 513 perfecte
856 459 1104 511 cognouerat
1139 453 1554 497 communicationem
1587 453 1826 510 passionum

257 526 343 566 eius
379 524 560 566 nondum
596 536 669 578 pro
703 523 771 565 illo
803 521 1035 577 passionem
1066 519 1212 562 mortis
1242 519 1464 574 expertus?
1499 519 1676 576 denique
1708 519 1826 563 addit

255 597 295 631 ct
319 590 436 631 divit:
461 589 503 630 si
530 602 631 644 quo
661 588 820 630 modo
855 598 1171 629 occurram
1204 584 1259 626 in
1293 585 1824 628 resurrectionem
1851 597 1871 626 5

257 661 646 703 mortuorum,
672 667 721 695 ac
743 652 890 695 deinde
917 651 994 694 ait:
1026 664 1140 693 non
1169 649 1312 706 quia
1338 649 1454 693 iam
1479 650 1824 706 acceperim

254 734 278 762 a
295 735 319 762 ιι
338 726 355 761 t
393 720 447 761 ia
463 733 504 761 m
544 733 570 775 p
589 733 609 761 e
626 732 645 760 r
662 719 678 760 f
695 732 715 760 e
734 732 754 760 c
771 723 790 760 t
808 732 833 759 ιι
851 732 869 759 s
892 717 1010 759 sim.
1046 716 1147 771 quid
1179 729 1272 772 ergo
1306 729 1348 758 se
1388 715 1612 759 confitetur
1641 716 1825 758 nondum

255 785 456 840 accepisse
490 790 532 827 et
564 785 605 826 in
631 798 712 839 quo
745 783 928 825 nondum
970 795 1057 824 esse
1091 781 1321 837 perfectum
1359 781 1439 824 nisi
1478 781 1521 823 in
1561 794 1611 824 ea
1650 781 1823 833 iustitia,

254 864 358 905 quac
394 865 444 892 cx
471 850 547 892 deo
585 856 660 900 est,
700 862 824 903 quam
864 847 1154 903 concupiscens
1190 846 1324 890 noluit
1362 859 1479 889 suam
1516 846 1680 898 habere,
1720 860 1825 902 quae

254 930 302 957 ex
342 917 426 968 lege
465 915 557 957 est?
599 915 694 957 hinc
732 914 841 956 enim
871 913 1117 968 loquebatur
1152 917 1194 955 et
1229 912 1311 955 ista
1344 912 1425 954 fuit
1469 925 1605 963 causa,
1642 916 1691 955 ut
1724 912 1825 955 haec
1855 923 1896 953 ιο

255 982 408 1023 diceret
443 981 636 1023 resistens
667 979 842 1022 inimicis
869 979 1026 1034 gratiae
1048 978 1126 1029 dei,
1155 991 1230 1034 pro
1261 991 1344 1033 qua
1371 977 1579 1034 largienda
1605 977 1825 1021 crucifixus

257 1053 317 1088 est
350 1050 360 1085 (
373 1046 553 1096 ‘hristus3
587 1060 637 1087 cx
670 1058 845 1100 quorum
879 1057 1022 1100 genere
1057 1044 1185 1086 etiam
1212 1043 1281 1086 isti
1317 1048 1428 1086 sunt.

359 1114 421 1154 22.
460 1112 566 1153 Nam
599 1125 649 1153 ex
685 1124 765 1166 quo
799 1111 888 1152 loco
923 1109 1103 1165 suscepit
1135 1110 1236 1152 haec
1270 1109 1416 1160 dicere,
1452 1109 1509 1151 sic
1542 1121 1707 1152 exorsus
1742 1113 1822 1151 est:

256 1178 464 1219 uidete
509 1190 702 1227 canes,
750 1176 962 1219 uidete
1006 1175 1194 1218 malos
1240 1174 1575 1230 operarios,
1618 1173 1826 1216 uidete

254 1242 687 1285 concisionem.
725 1255 828 1284 nos
866 1241 1019 1283 enim
1053 1254 1252 1283 sumus
1289 1239 1689 1282 circumcisio
1726 1238 1826 1294 qui
1856 1250 1896 1280 ¹5

255 1323 270 1349 s
292 1322 316 1363 p
336 1308 344 1349 i
364 1322 382 1349 r
399 1308 411 1349 i
427 1313 445 1349 t
463 1322 490 1350 u
513 1308 539 1350 d
556 1322 576 1350 e
594 1321 617 1350 o
642 1321 659 1349 s
677 1321 698 1350 e
714 1320 734 1348 r
751 1321 778 1349 u
795 1307 807 1348 i
824 1321 866 1349 m
883 1321 911 1349 u
927 1320 944 1349 s
967 1331 1020 1336 -
1039 1306 1120 1358 uel,
1145 1306 1251 1348 sicut
1267 1305 1454 1348 nonnulli
1475 1305 1633 1348 codices
1654 1304 1824 1355 habent,

256 1374 352 1428 qui
387 1373 652 1428 spiritui
683 1373 788 1415 deo
819 1373 886 1415 uel
917 1371 1183 1428 spiritui
1214 1371 1309 1414 dei
1340 1370 1641 1414 seruimus
1681 1395 1734 1400 —
1770 1374 1828 1413 et

253 1439 555 1493 gloriamur
586 1439 637 1480 in
669 1438 887 1481 Christo
924 1438 1046 1480 Iesu
1081 1442 1132 1480 et
1166 1450 1268 1480 non
1300 1436 1351 1478 in
1384 1449 1542 1479 carne
1572 1435 1823 1478 fidentes.

254 1504 347 1546 hinc
381 1504 647 1546 manifestum
680 1509 743 1546 est
775 1504 972 1546 aduersus
1005 1503 1181 1545 Iudaeos
1213 1516 1307 1545 eum
1338 1515 1468 1558 agere,
1508 1501 1579 1557 qui
1610 1501 1827 1544 carnaliter

255 1570 518 1612 obseruantcs
549 1570 678 1625 legem
717 1574 759 1611 et
790 1582 907 1612 suam
936 1568 1141 1611 iustitiam
1178 1568 1364 1610 uolentes
1393 1567 1640 1610 constituere
1669 1566 1823 1609 occide·
1850 1577 1893 1608 20

255 1636 405 1676 bantur
422 1636 573 1686 littera,
591 1648 674 1677 non
696 1635 1023 1678 uiuificabantur
1040 1634 1186 1690 spiritu
1212 1638 1253 1676 et
1278 1633 1320 1675 in
1346 1646 1387 1676 se
1410 1630 1706 1689 gloriabantur,
1730 1644 1825 1674 cum

254 1701 429 1755 apostoli
459 1706 500 1742 et
528 1714 667 1743 omnes
695 1700 972 1755 promissionis
1000 1699 1076 1742 filii
1107 1699 1380 1755 gloriarentur
1406 1698 1449 1740 in
1476 1698 1648 1741 Christo.
1679 1697 1826 1740 deinde

255 1766 444 1808 subiecit:
467 1780 491 1821 q
510 1780 636 1808 uam
655 1780 724 1821 qu
743 1779 826 1808 am
854 1779 944 1822 ego
972 1763 1551 1808 habeamfiduciam
1578 1763 1630 1805 in
1653 1775 1823 1806 carne.

256 1831 297 1872 si
325 1831 460 1886 quis
494 1831 655 1874 alius
687 1832 743 1873 in
769 1845 949 1874 carne
974 1835 1156 1887 putat
1181 1843 1236 1872 se
1261 1830 1485 1872 habere
1510 1828 1824 1878 fiduciam,

255 1910 296 1938 m
315 1910 338 1938 a
355 1910 379 1951 g
396 1896 407 1938 i
426 1911 444 1939 s
468 1911 488 1939 e
504 1910 529 1952 g
547 1911 582 1939 o.
610 1902 652 1939 et
675 1910 919 1940 enumerans
940 1896 1081 1940 omnia
1103 1909 1209 1951 quae
1233 1895 1459 1938 secundum
1481 1907 1646 1937 carnem
1667 1894 1824 1936 habent
1850 1903 1894 1933 25

255 1962 424 2017 gloriam
450 1962 505 2004 ad
529 1963 631 2005 illud
651 1962 906 2013 terminauit,
931 1962 1004 2005 ubi
1029 1961 1106 2004 ait:
1134 1975 1152 2004 s
1170 1975 1191 2004 e
1207 1975 1230 2003 c
1246 1975 1273 2003 u
1290 1974 1318 2003 n
1335 1961 1363 2003 d
1379 1974 1406 2002 u
1423 1974 1467 2003 m
1489 1960 1502 2002 i
1519 1973 1547 2003 u
1563 1973 1582 2002 s
1599 1959 1754 2002 titia
1768 1972 1824 2010 m,

255 2027 482 2082 quaein
511 2028 641 2083 lege
669 2033 773 2079 est,
803 2028 903 2083 qui
932 2027 1153 2070 fuerim
1181 2026 1311 2069 sine
1341 2025 1633 2081 querella.
1663 2029 1706 2067 et
1731 2037 1827 2067 cum

357 2175 376 2208 5
394 2174 482 2210 Phil.
501 2175 532 2215 3,
551 2177 602 2209 11.
624 2175 664 2209 12
765 2177 804 2210 14
823 2175 911 2211 Phil.
930 2176 963 2217 3,
980 2175 1000 2209 2
1109 2174 1149 2209 20
1167 2174 1210 2209 cf.
1231 2174 1331 2209 Rom.
1351 2174 1404 2215 10,
1420 2174 1441 2208 3
1543 2172 1587 2208 cf.
1609 2172 1645 2207 II
1661 2172 1735 2208 Cor.
1753 2171 1786 2213 3,
1802 2171 1826 2206 6

256 2233 298 2268 22
315 2233 358 2269 cf.
379 2233 486 2270 ICor.
507 2236 537 2275 1,
553 2235 591 2268 31
673 2235 714 2269 23
732 2234 820 2270 Pnil.
839 2236 870 2276 3,
887 2237 907 2270 4
984 2234 1026 2269 26
1044 2234 1133 2270 Phil.
1151 2235 1183 2275 3,
1201 2233 1222 2269 6

358 2329 372 2362 1
393 2328 468 2363 eius
483 2329 746 2363 resurrectionis
757 2328 894 2363 DEde
940 2332 1051 2365 restat
1064 2328 1159 2364 OBV
1207 2328 1227 2363 2
1243 2328 1360 2364 carnis
1374 2327 1474 2363 omD
1519 2326 1541 2361 3
1556 2326 1709 2372 perfecte
1723 2323 1825 2361 om.·B

257 2388 454 2433 passionem
467 2388 550 2424 Oml
612 2390 631 2423 4
648 2399 717 2422 non
729 2389 761 2422 D
812 2389 953 2424 addidit
963 2389 996 2423 D
1056 2391 1076 2425 5
1087 2388 1340 2424 resurrectione
1353 2385 1556 2428 OBCEFV,
1567 2385 1631 2422 sed.
1649 2386 1690 2430 cl.
1708 2384 1763 2427 92,
1781 2384 1823 2419 17

258 2449 276 2482 7
299 2447 377 2494 aut]
394 2452 437 2484 ut
451 2446 483 2481 F
567 2447 663 2492 quod
679 2445 765 2483 OmZ
870 2448 955 2493 quid
972 2459 1052 2494 ergo
1068 2447 1119 2493 se]
1136 2447 1197 2493 qui
1213 2447 1257 2483 de
1273 2457 1330 2482 ore
1341 2446 1371 2481 V
1478 2447 1500 2482 8
1518 2445 1588 2481 nisi
1602 2444 1654 2491 in]
1670 2444 1739 2480 nisi
1753 2444 1827 2480 exb

257 2508 299 2543 10
316 2506 397 2553 ista]
414 2507 500 2543 haec
512 2506 530 2541 b
630 2509 667 2542 11
688 2507 821 2543 inimici
833 2507 860 2542 C
981 2507 1052 2553 dei]
1069 2507 1192 2544 christi
1202 2507 1221 2542 b
1268 2501 1270 2503 ¹
1323 2505 1503 2552 largiendo
1518 2505 1547 2541 0
1637 2505 1679 2540 12
1694 2514 1739 2540 ex
1753 2512 1825 2550 quo

256 2577 379 2612 genere
396 2567 459 2603 OB
549 2568 591 2603 14
605 2566 727 2601 uidete
752 2577 855 2601 canes
879 2566 996 2608 οηι-ῑ’;
1013 2567 1068 2602 sed
1085 2568 1127 2611 cl·
1153 2565 1230 2609 514,
1247 2566 1289 2602 16
1380 2564 1422 2601 15
1445 2563 1745 2600 circumcisionem
1763 2561 1828 2598 EF

260 2628 299 2662 17
315 2638 364 2670 pr.
385 2625 554 2672 spirituB
627 2626 669 2661 19
684 2625 776 2662 hicO
848 2626 1159 2662 manifesntumo
1234 2623 1417 2670 aduersus]
1433 2623 1530 2670 apud
1538 2622 1602 2659 EF
1654 2625 1694 2660 21
1705 2621 1826 2658 uiuifi-

257 2686 423 2722 cantaro
437 2685 722 2722 uificabanturD
791 2684 1032 2732 glutiebantur
1042 2685 1071 2719 V
1151 2685 1194 2719 22
1211 2683 1458 2732 promissiones
1476 2683 1507 2718 V
1597 2681 1825 2730 glorienturo

257 2746 300 2780 24
317 2745 408 2781 alius
422 2745 550 2781 omOB
612 2745 783 2781 fiduciam
807 2745 936 2781 habere
956 2743 1094 2779 DEde
1164 2744 1322 2788 26i11uxn
1338 2743 1371 2778 D
1394 2743 1433 2789 (d
1448 2753 1475 2778 ε-
1492 2743 1544 2788 m)
1613 2739 1824 2779 terminatV

257 2804 400 2840 iustiam
409 2805 438 2840 0
646 2807 648 2809 ’
