<?xml version="1.0" encoding="UTF-8"?>
<!DOCTYPE html PUBLIC "-//W3C//DTD XHTML 1.0 Transitional//EN"
    "http://www.w3.org/TR/xhtml1/DTD/xhtml1-transitional.dtd">
<html xmlns="http://www.w3.org/1999/xhtml" xml:lang="en" lang="en">
 <head>
  <title>
</title>
<meta http-equiv="Content-Type" content="text/html;charset=utf-8" />
  <meta name='ocr-system' content='tesseract 3.04.00' />
  <meta name='ocr-capabilities' content='ocr_page ocr_carea ocr_par ocr_line ocrx_word'/>
</head>
<body>
  <div class='ocr_page' id='page_1' title='image "./corpusscriptorum60auguuoft_0373.png"; bbox 0 0 2028 3204; ppageno 0'>
   <div class='ocr_carea' id='block_1_1' title="bbox 0 2122 189 2868">
    <p class='ocr_par' dir='ltr' id='par_1_1' title="bbox 0 2122 189 2868">
     <span class='ocr_line' id='line_1_1' title="bbox 11 2122 90 2234; baseline 0 970"><span class='ocrx_word' id='word_1_1' title='bbox 11 2122 90 2234; x_wconf 95' lang='lat' dir='ltr'><strong> </strong></span> 
     </span>
     <span class='ocr_line' id='line_1_2' title="bbox 0 2234 100 2572; baseline 0 -157"><span class='ocrx_word' id='word_1_2' title='bbox 0 2234 100 2572; x_wconf 95' lang='lat' dir='ltr'><strong>   </strong></span> 
     </span>
     <span class='ocr_line' id='line_1_3' title="bbox 0 2572 189 2868; baseline 0 0"><span class='ocrx_word' id='word_1_3' title='bbox 0 2572 189 2868; x_wconf 95' lang='lat' dir='ltr'><strong>     </strong></span> 
     </span>
    </p>
   </div>
   <div class='ocr_carea' id='block_1_2' title="bbox 116 907 156 937">
    <p class='ocr_par' dir='ltr' id='par_1_2' title="bbox 116 907 156 937">
     <span class='ocr_line' id='line_1_4' title="bbox 116 907 156 937; baseline 0.025 -1"><span class='ocrx_word' id='word_1_4' title='bbox 116 907 156 937; x_wconf 85' lang='lat'><strong>1⁰</strong></span> 
     </span>
    </p>
   </div>
   <div class='ocr_carea' id='block_1_3' title="bbox 116 1237 154 1268">
    <p class='ocr_par' dir='ltr' id='par_1_3' title="bbox 116 1237 154 1268">
     <span class='ocr_line' id='line_1_5' title="bbox 116 1237 154 1268; baseline 0.053 -2"><span class='ocrx_word' id='word_1_5' title='bbox 116 1237 154 1268; x_wconf 75' lang='lat'><strong>15</strong></span> 
     </span>
    </p>
   </div>
   <div class='ocr_carea' id='block_1_4' title="bbox 113 1566 156 1597">
    <p class='ocr_par' dir='ltr' id='par_1_4' title="bbox 113 1566 156 1597">
     <span class='ocr_line' id='line_1_6' title="bbox 113 1566 156 1597; baseline -0.047 0"><span class='ocrx_word' id='word_1_6' title='bbox 113 1566 156 1597; x_wconf 74' lang='lat'><strong>80</strong></span> 
     </span>
    </p>
   </div>
   <div class='ocr_carea' id='block_1_5' title="bbox 64 1895 155 1926">
    <p class='ocr_par' dir='ltr' id='par_1_5' title="bbox 64 1895 155 1926">
     <span class='ocr_line' id='line_1_7' title="bbox 64 1895 155 1926; baseline -0.011 0"><span class='ocrx_word' id='word_1_7' title='bbox 64 1895 155 1926; x_wconf 74' lang='lat'><strong>,25</strong></span> 
     </span>
    </p>
   </div>
   <div class='ocr_carea' id='block_1_6' title="bbox 673 169 1765 221">
    <p class='ocr_par' dir='ltr' id='par_1_6' title="bbox 673 169 1765 221">
     <span class='ocr_line' id='line_1_8' title="bbox 673 169 1765 221; baseline -0.001 -7"><span class='ocrx_word' id='word_1_8' title='bbox 673 188 678 192; x_wconf 93' lang='lat'>·</span> <span class='ocrx_word' id='word_1_9' title='bbox 757 176 846 214; x_wconf 77' lang='lat' dir='ltr'><strong>libet</strong></span> <span class='ocrx_word' id='word_1_10' title='bbox 871 176 908 214; x_wconf 91' lang='lat'><strong>11</strong></span> <span class='ocrx_word' id='word_1_11' title='bbox 938 179 972 221; x_wconf 84' lang='lat'><strong>4,</strong></span> <span class='ocrx_word' id='word_1_12' title='bbox 1004 178 1104 221; x_wconf 84' lang='lat'><strong>8-6,</strong></span> <span class='ocrx_word' id='word_1_13' title='bbox 1138 178 1181 216; x_wconf 83' lang='grc' dir='ltr'><strong>ιο</strong></span> <span class='ocrx_word' id='word_1_14' title='bbox 1683 169 1765 213; x_wconf 85' lang='grc'><strong>343</strong></span> 
     </span>
    </p>
   </div>
   <div class='ocr_carea' id='block_1_7' title="bbox 181 303 1770 2206">
    <p class='ocr_par' dir='ltr' id='par_1_7' title="bbox 181 303 1770 2061">
     <span class='ocr_line' id='line_1_9' title="bbox 182 303 1763 360; baseline 0.001 -14"><span class='ocrx_word' id='word_1_15' title='bbox 182 303 225 346; x_wconf 91' lang='lat' dir='ltr'><strong>in</strong></span> <span class='ocrx_word' id='word_1_16' title='bbox 242 303 435 347; x_wconf 90' lang='lat' dir='ltr'><strong>contione</strong></span> <span class='ocrx_word' id='word_1_17' title='bbox 453 303 565 359; x_wconf 93' lang='lat' dir='ltr'><strong>quod</strong></span> <span class='ocrx_word' id='word_1_18' title='bbox 583 303 761 359; x_wconf 80' lang='lat' dir='ltr'><strong>scripsit,</strong></span> <span class='ocrx_word' id='word_1_19' title='bbox 782 309 903 347; x_wconf 88' lang='lat' dir='ltr'><strong>notos</strong></span> <span class='ocrx_word' id='word_1_20' title='bbox 920 308 1050 359; x_wconf 85' lang='lat' dir='ltr'><strong>atque</strong></span> <span class='ocrx_word' id='word_1_21' title='bbox 1063 303 1239 360; x_wconf 79' lang='lat' dir='ltr'><strong>ignotoS‚</strong></span> <span class='ocrx_word' id='word_1_22' title='bbox 1259 305 1406 348; x_wconf 85' lang='lat' dir='ltr'><strong>doctos</strong></span> <span class='ocrx_word' id='word_1_23' title='bbox 1427 310 1556 360; x_wconf 87' lang='lat' dir='ltr'><strong>atque</strong></span> <span class='ocrx_word' id='word_1_24' title='bbox 1571 305 1763 348; x_wconf 89' lang='lat' dir='ltr'><strong>indoctos</strong></span> 
     </span>
     <span class='ocr_line' id='line_1_10' title="bbox 183 369 1758 426; baseline 0.001 -14"><span class='ocrx_word' id='word_1_25' title='bbox 183 369 433 412; x_wconf 81' lang='lat' dir='ltr'><strong>recitaturus</strong></span> <span class='ocrx_word' id='word_1_26' title='bbox 455 369 618 412; x_wconf 86' lang='lat' dir='ltr'><strong>inuitet.</strong></span> <span class='ocrx_word' id='word_1_27' title='bbox 642 369 820 413; x_wconf 81' lang='lat' dir='ltr'>seniores</span> <span class='ocrx_word' id='word_1_28' title='bbox 848 382 943 412; x_wconf 90' lang='lat' dir='ltr'><strong>cum</strong></span> <span class='ocrx_word' id='word_1_29' title='bbox 964 370 1192 413; x_wconf 88' lang='lat' dir='ltr'><strong>iunioribus</strong></span> <span class='ocrx_word' id='word_1_30' title='bbox 1215 369 1450 422; x_wconf 88' lang='lat' dir='ltr'><strong>conuenite,</strong></span> <span class='ocrx_word' id='word_1_31' title='bbox 1472 371 1584 426; x_wconf 93' lang='lat' dir='ltr'><strong>quod</strong></span> <span class='ocrx_word' id='word_1_32' title='bbox 1607 371 1758 414; x_wconf 87' lang='lat' dir='ltr'><strong>nescie-</strong></span> 
     </span>
     <span class='ocr_line' id='line_1_11' title="bbox 185 434 1756 492; baseline 0.001 -14"><span class='ocrx_word' id='word_1_33' title='bbox 185 434 293 478; x_wconf 81' lang='lat' dir='ltr'><strong>batis</strong></span> <span class='ocrx_word' id='word_1_34' title='bbox 320 435 479 486; x_wconf 82' lang='lat' dir='ltr'><strong>discite,</strong></span> <span class='ocrx_word' id='word_1_35' title='bbox 508 435 620 490; x_wconf 92' lang='lat' dir='ltr'><strong>quod</strong></span> <span class='ocrx_word' id='word_1_36' title='bbox 649 448 879 492; x_wconf 86' lang='lat' dir='ltr'><strong>numquam</strong></span> <span class='ocrx_word' id='word_1_37' title='bbox 903 436 1131 479; x_wconf 83' lang='lat' dir='ltr'><strong>audieratis</strong></span> <span class='ocrx_word' id='word_1_38' title='bbox 1152 436 1306 479; x_wconf 87' lang='lat' dir='ltr'><strong>audite.</strong></span> <span class='ocrx_word' id='word_1_39' title='bbox 1352 450 1444 479; x_wconf 90' lang='lat' dir='ltr'><strong>ecce</strong></span> <span class='ocrx_word' id='word_1_40' title='bbox 1471 437 1551 479; x_wconf 89' lang='lat' dir='ltr'><strong>isto</strong></span> <span class='ocrx_word' id='word_1_41' title='bbox 1579 437 1756 480; x_wconf 80' lang='lat' dir='ltr'><strong>docente</strong></span> 
     </span>
     <span class='ocr_line' id='line_1_12' title="bbox 183 500 1765 558; baseline 0.001 -14"><span class='ocrx_word' id='word_1_42' title='bbox 183 514 266 544; x_wconf 89' lang='lat' dir='ltr'><strong>uon</strong></span> <span class='ocrx_word' id='word_1_43' title='bbox 290 500 456 544; x_wconf 81' lang='lat' dir='ltr'><strong>aliunde</strong></span> <span class='ocrx_word' id='word_1_44' title='bbox 481 502 593 556; x_wconf 91' lang='lat' dir='ltr'><strong>quod</strong></span> <span class='ocrx_word' id='word_1_45' title='bbox 618 501 757 558; x_wconf 89' lang='lat' dir='ltr'><strong>aliquo</strong></span> <span class='ocrx_word' id='word_1_46' title='bbox 781 501 906 545; x_wconf 92' lang='lat' dir='ltr'><strong>modo</strong></span> <span class='ocrx_word' id='word_1_47' title='bbox 930 507 992 545; x_wconf 89' lang='lat' dir='ltr'><strong>est</strong></span> <span class='ocrx_word' id='word_1_48' title='bbox 1017 516 1091 545; x_wconf 88' lang='lat' dir='ltr'><strong>nec</strong></span> <span class='ocrx_word' id='word_1_49' title='bbox 1115 516 1166 546; x_wconf 88' lang='lat' dir='ltr'><strong>ex</strong></span> <span class='ocrx_word' id='word_1_50' title='bbox 1189 516 1237 545; x_wconf 89' lang='lat' dir='ltr'><strong>eo</strong></span> <span class='ocrx_word' id='word_1_51' title='bbox 1262 503 1373 558; x_wconf 89' lang='lat' dir='ltr'><strong>quod</strong></span> <span class='ocrx_word' id='word_1_52' title='bbox 1399 503 1568 546; x_wconf 91' lang='lat' dir='ltr'><strong>omnino</strong></span> <span class='ocrx_word' id='word_1_53' title='bbox 1593 517 1676 546; x_wconf 92' lang='lat' dir='ltr'><strong>non</strong></span> <span class='ocrx_word' id='word_1_54' title='bbox 1701 510 1765 546; x_wconf 88' lang='lat' dir='ltr'><strong>est</strong></span> 
     </span>
     <span class='ocr_line' id='line_1_13' title="bbox 182 566 1763 624; baseline 0.001 -14"><span class='ocrx_word' id='word_1_55' title='bbox 182 567 285 610; x_wconf 85' lang='lat' dir='ltr'><strong>deus</strong></span> <span class='ocrx_word' id='word_1_56' title='bbox 314 566 465 610; x_wconf 86' lang='lat' dir='ltr'><strong>flatum</strong></span> <span class='ocrx_word' id='word_1_57' title='bbox 494 572 619 619; x_wconf 88' lang='lat' dir='ltr'><strong>creat,</strong></span> <span class='ocrx_word' id='word_1_58' title='bbox 650 568 721 610; x_wconf 86' lang='lat' dir='ltr'><strong>sed</strong></span> <span class='ocrx_word' id='word_1_59' title='bbox 751 581 802 610; x_wconf 89' lang='lat' dir='ltr'><strong>ex</strong></span> <span class='ocrx_word' id='word_1_60' title='bbox 831 580 878 610; x_wconf 93' lang='lat' dir='ltr'><strong>eo</strong></span> <span class='ocrx_word' id='word_1_61' title='bbox 909 569 1020 624; x_wconf 93' lang='lat' dir='ltr'><strong>quod</strong></span> <span class='ocrx_word' id='word_1_62' title='bbox 1051 569 1137 624; x_wconf 87' lang='lat' dir='ltr'><strong>ipse</strong></span> <span class='ocrx_word' id='word_1_63' title='bbox 1166 574 1242 619; x_wconf 87' lang='lat' dir='ltr'><strong>est,</strong></span> <span class='ocrx_word' id='word_1_64' title='bbox 1273 582 1368 611; x_wconf 92' lang='lat' dir='ltr'><strong>cum</strong></span> <span class='ocrx_word' id='word_1_65' title='bbox 1398 569 1452 611; x_wconf 91' lang='lat' dir='ltr'><strong>sit</strong></span> <span class='ocrx_word' id='word_1_66' title='bbox 1481 569 1763 624; x_wconf 82' lang='lat' dir='ltr'><strong>incorporeus,</strong></span> 
     </span>
     <span class='ocr_line' id='line_1_14' title="bbox 182 632 1765 690; baseline 0.001 -15"><span class='ocrx_word' id='word_1_67' title='bbox 182 646 331 688; x_wconf 92' lang='lat' dir='ltr'><strong>corpus</strong></span> <span class='ocrx_word' id='word_1_68' title='bbox 356 632 514 676; x_wconf 82' lang='lat' dir='ltr'><strong>sufflat.</strong></span> <span class='ocrx_word' id='word_1_69' title='bbox 560 639 756 677; x_wconf 85' lang='lat' dir='ltr'><strong>naturam</strong></span> <span class='ocrx_word' id='word_1_70' title='bbox 781 646 876 690; x_wconf 91' lang='lat' dir='ltr'><strong>ergo</strong></span> <span class='ocrx_word' id='word_1_71' title='bbox 902 647 1035 686; x_wconf 85' lang='lat' dir='ltr'><strong>suam,</strong></span> <span class='ocrx_word' id='word_1_72' title='bbox 1063 640 1294 690; x_wconf 83' lang='lat' dir='ltr'><strong>antequam</strong></span> <span class='ocrx_word' id='word_1_73' title='bbox 1320 640 1509 677; x_wconf 89' lang='lat' dir='ltr'><strong>mutetur</strong></span> <span class='ocrx_word' id='word_1_74' title='bbox 1535 635 1576 677; x_wconf 91' lang='lat' dir='ltr'><strong>in</strong></span> <span class='ocrx_word' id='word_1_75' title='bbox 1604 635 1765 690; x_wconf 89' lang='lat' dir='ltr'><strong>peccati</strong></span> 
     </span>
     <span class='ocr_line' id='line_1_15' title="bbox 182 699 1764 756; baseline 0.001 -15"><span class='ocrx_word' id='word_1_76' title='bbox 182 712 365 754; x_wconf 87' lang='lat' dir='ltr'><strong>corpore,</strong></span> <span class='ocrx_word' id='word_1_77' title='bbox 402 699 488 754; x_wconf 87' lang='lat' dir='ltr'><strong>ipse</strong></span> <span class='ocrx_word' id='word_1_78' title='bbox 514 705 654 742; x_wconf 88' lang='lat' dir='ltr'><strong>mutat</strong></span> <span class='ocrx_word' id='word_1_79' title='bbox 680 700 722 742; x_wconf 91' lang='lat' dir='ltr'><strong>in</strong></span> <span class='ocrx_word' id='word_1_80' title='bbox 757 712 918 756; x_wconf 91' lang='lat' dir='ltr'><strong>corpus.</strong></span> <span class='ocrx_word' id='word_1_81' title='bbox 961 714 1016 743; x_wconf 86' lang='lat' dir='ltr'><strong>an</strong></span> <span class='ocrx_word' id='word_1_82' title='bbox 1041 701 1156 752; x_wconf 85' lang='lat' dir='ltr'><strong>dicit,</strong></span> <span class='ocrx_word' id='word_1_83' title='bbox 1185 702 1296 756; x_wconf 93' lang='lat' dir='ltr'><strong>quod</strong></span> <span class='ocrx_word' id='word_1_84' title='bbox 1324 714 1375 743; x_wconf 90' lang='lat' dir='ltr'><strong>ex</strong></span> <span class='ocrx_word' id='word_1_85' title='bbox 1401 706 1554 743; x_wconf 86' lang='lat' dir='ltr'><strong>natura</strong></span> <span class='ocrx_word' id='word_1_86' title='bbox 1578 714 1655 743; x_wconf 85' lang='lat' dir='ltr'><strong>sua</strong></span> <span class='ocrx_word' id='word_1_87' title='bbox 1680 714 1764 744; x_wconf 92' lang='lat' dir='ltr'><strong>non</strong></span> 
     </span>
     <span class='ocr_line' id='line_1_16' title="bbox 181 765 1765 822; baseline 0.001 -15"><span class='ocrx_word' id='word_1_88' title='bbox 181 771 322 808; x_wconf 86' lang='lat' dir='ltr'><strong>mutat</strong></span> <span class='ocrx_word' id='word_1_89' title='bbox 348 765 518 821; x_wconf 85' lang='lat' dir='ltr'><strong>aliquid,</strong></span> <span class='ocrx_word' id='word_1_90' title='bbox 547 779 642 808; x_wconf 92' lang='lat' dir='ltr'><strong>cum</strong></span> <span class='ocrx_word' id='word_1_91' title='bbox 669 766 819 809; x_wconf 82' lang='lat' dir='ltr'><strong>flatum</strong></span> <span class='ocrx_word' id='word_1_92' title='bbox 846 766 979 809; x_wconf 86' lang='lat' dir='ltr'><strong>facit?</strong></span> <span class='ocrx_word' id='word_1_93' title='bbox 1023 780 1105 810; x_wconf 92' lang='lat' dir='ltr'><strong>non</strong></span> <span class='ocrx_word' id='word_1_94' title='bbox 1133 780 1227 822; x_wconf 88' lang='lat' dir='ltr'><strong>ergo</strong></span> <span class='ocrx_word' id='word_1_95' title='bbox 1255 780 1350 810; x_wconf 90' lang='lat' dir='ltr'><strong>eum</strong></span> <span class='ocrx_word' id='word_1_96' title='bbox 1377 767 1429 809; x_wconf 92' lang='lat' dir='ltr'><strong>de</strong></span> <span class='ocrx_word' id='word_1_97' title='bbox 1455 780 1498 809; x_wconf 86' lang='lat' dir='ltr'><strong>se</strong></span> <span class='ocrx_word' id='word_1_98' title='bbox 1524 767 1614 822; x_wconf 88' lang='lat' dir='ltr'><strong>ipso</strong></span> <span class='ocrx_word' id='word_1_99' title='bbox 1642 767 1765 818; x_wconf 81' lang='lat' dir='ltr'><strong>facit;</strong></span> 
     </span>
     <span class='ocr_line' id='line_1_17' title="bbox 183 830 1767 888; baseline 0.002 -15"><span class='ocrx_word' id='word_1_100' title='bbox 183 844 266 875; x_wconf 89' lang='lat' dir='ltr'><strong>non</strong></span> <span class='ocrx_word' id='word_1_101' title='bbox 293 831 403 874; x_wconf 92' lang='lat' dir='ltr'><strong>enim</strong></span> <span class='ocrx_word' id='word_1_102' title='bbox 430 830 542 873; x_wconf 85' lang='lat' dir='ltr'><strong>aliud</strong></span> <span class='ocrx_word' id='word_1_103' title='bbox 570 836 633 874; x_wconf 85' lang='lat' dir='ltr'><strong>est</strong></span> <span class='ocrx_word' id='word_1_104' title='bbox 659 832 759 888; x_wconf 89' lang='lat' dir='ltr'><strong>ipse,</strong></span> <span class='ocrx_word' id='word_1_105' title='bbox 788 831 901 875; x_wconf 90' lang='lat' dir='ltr'><strong>aliud</strong></span> <span class='ocrx_word' id='word_1_106' title='bbox 930 837 1082 876; x_wconf 86' lang='lat' dir='ltr'><strong>natura</strong></span> <span class='ocrx_word' id='word_1_107' title='bbox 1109 833 1207 875; x_wconf 88' lang='lat' dir='ltr'><strong>eius.</strong></span> <span class='ocrx_word' id='word_1_108' title='bbox 1254 833 1346 888; x_wconf 91' lang='lat' dir='ltr'><strong>quis</strong></span> <span class='ocrx_word' id='word_1_109' title='bbox 1373 833 1451 876; x_wconf 91' lang='lat' dir='ltr'><strong>hoc</strong></span> <span class='ocrx_word' id='word_1_110' title='bbox 1479 832 1767 876; x_wconf 85' lang='lat' dir='ltr'><strong>insanissimus</strong></span> 
     </span>
     <span class='ocr_line' id='line_1_18' title="bbox 184 896 1766 953; baseline 0.001 -14"><span class='ocrx_word' id='word_1_111' title='bbox 184 896 407 953; x_wconf 82' lang='lat' dir='ltr'><strong>opinetur?</strong></span> <span class='ocrx_word' id='word_1_112' title='bbox 454 897 602 952; x_wconf 87' lang='lat' dir='ltr'><strong>quodsi</strong></span> <span class='ocrx_word' id='word_1_113' title='bbox 629 897 731 940; x_wconf 92' lang='lat' dir='ltr'><strong>dicit</strong></span> <span class='ocrx_word' id='word_1_114' title='bbox 759 898 819 941; x_wconf 86' lang='lat' dir='ltr'><strong>ita</strong></span> <span class='ocrx_word' id='word_1_115' title='bbox 846 898 971 940; x_wconf 93' lang='lat' dir='ltr'><strong>deum</strong></span> <span class='ocrx_word' id='word_1_116' title='bbox 999 898 1051 941; x_wconf 90' lang='lat' dir='ltr'><strong>de</strong></span> <span class='ocrx_word' id='word_1_117' title='bbox 1077 912 1155 942; x_wconf 88' lang='lat' dir='ltr'><strong>sua</strong></span> <span class='ocrx_word' id='word_1_118' title='bbox 1181 904 1334 942; x_wconf 86' lang='lat' dir='ltr'><strong>natura</strong></span> <span class='ocrx_word' id='word_1_119' title='bbox 1361 899 1495 941; x_wconf 86' lang='lat' dir='ltr'><strong>facere</strong></span> <span class='ocrx_word' id='word_1_120' title='bbox 1522 898 1687 950; x_wconf 87' lang='lat' dir='ltr'><strong>flatum,</strong></span> <span class='ocrx_word' id='word_1_121' title='bbox 1718 904 1766 941; x_wconf 90' lang='lat' dir='ltr'><strong>ut</strong></span> 
     </span>
     <span class='ocr_line' id='line_1_19' title="bbox 185 963 1766 1020; baseline 0.001 -14"><span class='ocrx_word' id='word_1_122' title='bbox 185 963 272 1019; x_wconf 87' lang='lat' dir='ltr'><strong>ipse</strong></span> <span class='ocrx_word' id='word_1_123' title='bbox 300 963 459 1018; x_wconf 85' lang='lat' dir='ltr'><strong>integer</strong></span> <span class='ocrx_word' id='word_1_124' title='bbox 486 969 669 1014; x_wconf 86' lang='lat' dir='ltr'><strong>maneat,</strong></span> <span class='ocrx_word' id='word_1_125' title='bbox 701 977 783 1006; x_wconf 92' lang='lat' dir='ltr'><strong>non</strong></span> <span class='ocrx_word' id='word_1_126' title='bbox 813 964 909 1006; x_wconf 91' lang='lat' dir='ltr'><strong>inde</strong></span> <span class='ocrx_word' id='word_1_127' title='bbox 938 965 1128 1019; x_wconf 86' lang='lat' dir='ltr'><strong>quaestio</strong></span> <span class='ocrx_word' id='word_1_128' title='bbox 1158 970 1234 1015; x_wconf 89' lang='lat' dir='ltr'><strong>est,</strong></span> <span class='ocrx_word' id='word_1_129' title='bbox 1266 965 1336 1007; x_wconf 87' lang='lat' dir='ltr'><strong>sed</strong></span> <span class='ocrx_word' id='word_1_130' title='bbox 1368 970 1509 1008; x_wconf 93' lang='lat' dir='ltr'><strong>utrum</strong></span> <span class='ocrx_word' id='word_1_131' title='bbox 1540 965 1651 1020; x_wconf 92' lang='lat' dir='ltr'><strong>quod</strong></span> <span class='ocrx_word' id='word_1_132' title='bbox 1682 978 1766 1007; x_wconf 90' lang='lat' dir='ltr'><strong>non</strong></span> 
     </span>
     <span class='ocr_line' id='line_1_20' title="bbox 183 1029 1767 1087; baseline 0.001 -15"><span class='ocrx_word' id='word_1_133' title='bbox 183 1029 350 1073; x_wconf 84' lang='lat' dir='ltr'><strong>aliunde</strong></span> <span class='ocrx_word' id='word_1_134' title='bbox 375 1043 450 1072; x_wconf 86' lang='lat' dir='ltr'><strong>nec</strong></span> <span class='ocrx_word' id='word_1_135' title='bbox 475 1029 527 1072; x_wconf 91' lang='lat' dir='ltr'><strong>de</strong></span> <span class='ocrx_word' id='word_1_136' title='bbox 552 1029 693 1079; x_wconf 86' lang='lat' dir='ltr'><strong>nihilo,</strong></span> <span class='ocrx_word' id='word_1_137' title='bbox 721 1030 792 1072; x_wconf 88' lang='lat' dir='ltr'><strong>sed</strong></span> <span class='ocrx_word' id='word_1_138' title='bbox 819 1030 871 1072; x_wconf 89' lang='lat' dir='ltr'><strong>de</strong></span> <span class='ocrx_word' id='word_1_139' title='bbox 896 1029 965 1073; x_wconf 93' lang='lat' dir='ltr'><strong>illo</strong></span> <span class='ocrx_word' id='word_1_140' title='bbox 992 1036 1067 1082; x_wconf 89' lang='lat' dir='ltr'><strong>est,</strong></span> <span class='ocrx_word' id='word_1_141' title='bbox 1095 1044 1178 1074; x_wconf 90' lang='lat' dir='ltr'><strong>non</strong></span> <span class='ocrx_word' id='word_1_142' title='bbox 1205 1031 1283 1074; x_wconf 94' lang='lat' dir='ltr'><strong>hoc</strong></span> <span class='ocrx_word' id='word_1_143' title='bbox 1309 1032 1362 1074; x_wconf 88' lang='lat' dir='ltr'><strong>sit</strong></span> <span class='ocrx_word' id='word_1_144' title='bbox 1389 1032 1500 1087; x_wconf 89' lang='lat' dir='ltr'><strong>quod</strong></span> <span class='ocrx_word' id='word_1_145' title='bbox 1527 1030 1607 1082; x_wconf 88' lang='lat' dir='ltr'><strong>ille,</strong></span> <span class='ocrx_word' id='word_1_146' title='bbox 1635 1031 1677 1073; x_wconf 91' lang='lat' dir='ltr'><strong>id</strong></span> <span class='ocrx_word' id='word_1_147' title='bbox 1704 1035 1767 1073; x_wconf 87' lang='lat' dir='ltr'><strong>est</strong></span> 
     </span>
     <span class='ocr_line' id='line_1_21' title="bbox 186 1095 1766 1152; baseline 0.001 -14"><span class='ocrx_word' id='word_1_148' title='bbox 186 1095 369 1139; x_wconf 88' lang='lat' dir='ltr'><strong>eiusdem</strong></span> <span class='ocrx_word' id='word_1_149' title='bbox 399 1100 574 1138; x_wconf 88' lang='lat' dir='ltr'><strong>naturae</strong></span> <span class='ocrx_word' id='word_1_150' title='bbox 602 1100 644 1138; x_wconf 92' lang='lat' dir='ltr'><strong>et</strong></span> <span class='ocrx_word' id='word_1_151' title='bbox 673 1096 886 1139; x_wconf 86' lang='lat' dir='ltr'><strong>essentiae.</strong></span> <span class='ocrx_word' id='word_1_152' title='bbox 933 1109 1032 1139; x_wconf 90' lang='lat' dir='ltr'><strong>nam</strong></span> <span class='ocrx_word' id='word_1_153' title='bbox 1061 1102 1103 1139; x_wconf 88' lang='lat' dir='ltr'><strong>et</strong></span> <span class='ocrx_word' id='word_1_154' title='bbox 1131 1097 1218 1140; x_wconf 86' lang='lat' dir='ltr'><strong>filio</strong></span> <span class='ocrx_word' id='word_1_155' title='bbox 1246 1098 1387 1152; x_wconf 86' lang='lat' dir='ltr'><strong>genito</strong></span> <span class='ocrx_word' id='word_1_156' title='bbox 1417 1098 1575 1151; x_wconf 85' lang='lat' dir='ltr'><strong>integer</strong></span> <span class='ocrx_word' id='word_1_157' title='bbox 1602 1102 1766 1147; x_wconf 86' lang='lat' dir='ltr'><strong>manet;</strong></span> 
     </span>
     <span class='ocr_line' id='line_1_22' title="bbox 182 1161 1767 1218; baseline 0.001 -15"><span class='ocrx_word' id='word_1_158' title='bbox 182 1161 253 1204; x_wconf 88' lang='lat' dir='ltr'><strong>sed</strong></span> <span class='ocrx_word' id='word_1_159' title='bbox 274 1161 374 1217; x_wconf 88' lang='lat' dir='ltr'><strong>quia</strong></span> <span class='ocrx_word' id='word_1_160' title='bbox 402 1174 496 1204; x_wconf 87' lang='lat' dir='ltr'><strong>eum</strong></span> <span class='ocrx_word' id='word_1_161' title='bbox 516 1162 660 1216; x_wconf 86' lang='lat' dir='ltr'><strong>genuit</strong></span> <span class='ocrx_word' id='word_1_162' title='bbox 680 1162 732 1204; x_wconf 90' lang='lat' dir='ltr'><strong>de</strong></span> <span class='ocrx_word' id='word_1_163' title='bbox 751 1175 794 1204; x_wconf 89' lang='lat' dir='ltr'><strong>se</strong></span> <span class='ocrx_word' id='word_1_164' title='bbox 815 1162 918 1218; x_wconf 87' lang='lat' dir='ltr'><strong>ipso,</strong></span> <span class='ocrx_word' id='word_1_165' title='bbox 940 1176 1023 1205; x_wconf 90' lang='lat' dir='ltr'><strong>non</strong></span> <span class='ocrx_word' id='word_1_166' title='bbox 1054 1162 1166 1205; x_wconf 89' lang='lat' dir='ltr'><strong>aliud</strong></span> <span class='ocrx_word' id='word_1_167' title='bbox 1186 1163 1330 1218; x_wconf 88' lang='lat' dir='ltr'><strong>genuit</strong></span> <span class='ocrx_word' id='word_1_168' title='bbox 1350 1176 1477 1218; x_wconf 90' lang='lat' dir='ltr'><strong>quam</strong></span> <span class='ocrx_word' id='word_1_169' title='bbox 1499 1164 1540 1205; x_wconf 88' lang='lat' dir='ltr'><strong>id</strong></span> <span class='ocrx_word' id='word_1_170' title='bbox 1563 1163 1675 1218; x_wconf 91' lang='lat' dir='ltr'><strong>quod</strong></span> <span class='ocrx_word' id='word_1_171' title='bbox 1704 1169 1767 1205; x_wconf 89' lang='lat' dir='ltr'><strong>est</strong></span> 
     </span>
     <span class='ocr_line' id='line_1_23' title="bbox 183 1227 1765 1287; baseline 0.001 -17"><span class='ocrx_word' id='word_1_172' title='bbox 183 1227 281 1282; x_wconf 87' lang='lat' dir='ltr'><strong>ipse.</strong></span> <span class='ocrx_word' id='word_1_173' title='bbox 304 1232 477 1282; x_wconf 90' lang='lat' dir='ltr'><strong>excepto</strong></span> <span class='ocrx_word' id='word_1_174' title='bbox 498 1227 606 1270; x_wconf 87' lang='lat' dir='ltr'><strong>enim</strong></span> <span class='ocrx_word' id='word_1_175' title='bbox 626 1228 737 1283; x_wconf 88' lang='lat' dir='ltr'><strong>quod</strong></span> <span class='ocrx_word' id='word_1_176' title='bbox 756 1227 968 1287; x_wconf 89' lang='lat' dir='ltr'><strong>hominem</strong></span> <span class='ocrx_word' id='word_1_177' title='bbox 985 1229 1211 1284; x_wconf 84' lang='lat' dir='ltr'><strong>assumpsit</strong></span> <span class='ocrx_word' id='word_1_178' title='bbox 1232 1235 1273 1272; x_wconf 90' lang='lat' dir='ltr'><strong>et</strong></span> <span class='ocrx_word' id='word_1_179' title='bbox 1293 1229 1468 1271; x_wconf 90' lang='lat' dir='ltr'><strong>uerbum</strong></span> <span class='ocrx_word' id='word_1_180' title='bbox 1489 1242 1583 1271; x_wconf 83' lang='lat' dir='ltr'><strong>caro</strong></span> <span class='ocrx_word' id='word_1_181' title='bbox 1604 1229 1765 1271; x_wconf 87' lang='lat' dir='ltr'><strong>factum</strong></span> 
     </span>
     <span class='ocr_line' id='line_1_24' title="bbox 185 1292 1767 1348; baseline 0.001 -13"><span class='ocrx_word' id='word_1_182' title='bbox 185 1299 260 1344; x_wconf 86' lang='lat' dir='ltr'><strong>est,</strong></span> <span class='ocrx_word' id='word_1_183' title='bbox 288 1292 393 1336; x_wconf 87' lang='lat' dir='ltr'><strong>alius</strong></span> <span class='ocrx_word' id='word_1_184' title='bbox 419 1298 481 1335; x_wconf 84' lang='lat' dir='ltr'><strong>est</strong></span> <span class='ocrx_word' id='word_1_185' title='bbox 507 1294 674 1348; x_wconf 90' lang='lat' dir='ltr'><strong>quidem</strong></span> <span class='ocrx_word' id='word_1_186' title='bbox 701 1294 877 1337; x_wconf 87' lang='lat' dir='ltr'><strong>uerbum</strong></span> <span class='ocrx_word' id='word_1_187' title='bbox 902 1294 968 1337; x_wconf 90' lang='lat' dir='ltr'><strong>dei</strong></span> <span class='ocrx_word' id='word_1_188' title='bbox 994 1294 1118 1345; x_wconf 86' lang='lat' dir='ltr'><strong>filius,</strong></span> <span class='ocrx_word' id='word_1_189' title='bbox 1144 1295 1216 1337; x_wconf 87' lang='lat' dir='ltr'><strong>sed</strong></span> <span class='ocrx_word' id='word_1_190' title='bbox 1244 1309 1326 1338; x_wconf 92' lang='lat' dir='ltr'><strong>non</strong></span> <span class='ocrx_word' id='word_1_191' title='bbox 1352 1300 1413 1337; x_wconf 88' lang='lat' dir='ltr'><strong>est</strong></span> <span class='ocrx_word' id='word_1_192' title='bbox 1441 1294 1573 1345; x_wconf 87' lang='lat' dir='ltr'><strong>aliud;</strong></span> <span class='ocrx_word' id='word_1_193' title='bbox 1600 1294 1678 1336; x_wconf 93' lang='lat' dir='ltr'><strong>hoc</strong></span> <span class='ocrx_word' id='word_1_194' title='bbox 1704 1301 1767 1337; x_wconf 90' lang='lat' dir='ltr'><strong>est</strong></span> 
     </span>
     <span class='ocr_line' id='line_1_25' title="bbox 185 1358 1764 1416; baseline 0.001 -15"><span class='ocrx_word' id='word_1_195' title='bbox 185 1358 267 1402; x_wconf 88' lang='lat' dir='ltr'><strong>alia</strong></span> <span class='ocrx_word' id='word_1_196' title='bbox 287 1372 463 1414; x_wconf 86' lang='lat' dir='ltr'><strong>persona</strong></span> <span class='ocrx_word' id='word_1_197' title='bbox 482 1365 557 1410; x_wconf 88' lang='lat' dir='ltr'><strong>est,</strong></span> <span class='ocrx_word' id='word_1_198' title='bbox 580 1360 650 1402; x_wconf 90' lang='lat' dir='ltr'><strong>sed</strong></span> <span class='ocrx_word' id='word_1_199' title='bbox 672 1373 754 1403; x_wconf 92' lang='lat' dir='ltr'><strong>non</strong></span> <span class='ocrx_word' id='word_1_200' title='bbox 775 1361 939 1403; x_wconf 84' lang='lat' dir='ltr'><strong>diuersa</strong></span> <span class='ocrx_word' id='word_1_201' title='bbox 959 1365 1122 1403; x_wconf 87' lang='lat' dir='ltr'><strong>natura.</strong></span> <span class='ocrx_word' id='word_1_202' title='bbox 1160 1367 1202 1403; x_wconf 89' lang='lat' dir='ltr'><strong>et</strong></span> <span class='ocrx_word' id='word_1_203' title='bbox 1224 1361 1333 1403; x_wconf 85' lang='lat' dir='ltr'><strong>unde</strong></span> <span class='ocrx_word' id='word_1_204' title='bbox 1354 1361 1444 1411; x_wconf 85' lang='lat' dir='ltr'><strong>hoc,</strong></span> <span class='ocrx_word' id='word_1_205' title='bbox 1467 1361 1543 1402; x_wconf 87' lang='lat' dir='ltr'><strong>nisi</strong></span> <span class='ocrx_word' id='word_1_206' title='bbox 1565 1361 1662 1416; x_wconf 84' lang='lat' dir='ltr'><strong>quia</strong></span> <span class='ocrx_word' id='word_1_207' title='bbox 1684 1374 1764 1404; x_wconf 90' lang='lat' dir='ltr'><strong>non</strong></span> 
     </span>
     <span class='ocr_line' id='line_1_26' title="bbox 183 1424 1769 1482; baseline 0.002 -16"><span class='ocrx_word' id='word_1_208' title='bbox 183 1431 347 1467; x_wconf 86' lang='lat' dir='ltr'><strong>creatus</strong></span> <span class='ocrx_word' id='word_1_209' title='bbox 372 1438 423 1466; x_wconf 88' lang='lat' dir='ltr'><strong>ex</strong></span> <span class='ocrx_word' id='word_1_210' title='bbox 450 1424 530 1468; x_wconf 88' lang='lat' dir='ltr'><strong>alio</strong></span> <span class='ocrx_word' id='word_1_211' title='bbox 557 1425 622 1468; x_wconf 86' lang='lat' dir='ltr'><strong>uel</strong></span> <span class='ocrx_word' id='word_1_212' title='bbox 648 1439 698 1468; x_wconf 87' lang='lat' dir='ltr'><strong>ex</strong></span> <span class='ocrx_word' id='word_1_213' title='bbox 725 1426 866 1477; x_wconf 91' lang='lat' dir='ltr'><strong>nihilo,</strong></span> <span class='ocrx_word' id='word_1_214' title='bbox 894 1427 964 1468; x_wconf 91' lang='lat' dir='ltr'><strong>sed</strong></span> <span class='ocrx_word' id='word_1_215' title='bbox 992 1432 1116 1469; x_wconf 86' lang='lat' dir='ltr'><strong>natus</strong></span> <span class='ocrx_word' id='word_1_216' title='bbox 1143 1440 1193 1469; x_wconf 91' lang='lat' dir='ltr'><strong>ex</strong></span> <span class='ocrx_word' id='word_1_217' title='bbox 1219 1427 1308 1482; x_wconf 89' lang='lat' dir='ltr'><strong>ipso</strong></span> <span class='ocrx_word' id='word_1_218' title='bbox 1335 1433 1411 1477; x_wconf 86' lang='lat' dir='ltr'><strong>est,</strong></span> <span class='ocrx_word' id='word_1_219' title='bbox 1439 1440 1522 1469; x_wconf 87' lang='lat' dir='ltr'><strong>non</strong></span> <span class='ocrx_word' id='word_1_220' title='bbox 1549 1433 1595 1469; x_wconf 90' lang='lat' dir='ltr'><strong>ut</strong></span> <span class='ocrx_word' id='word_1_221' title='bbox 1622 1426 1769 1469; x_wconf 87' lang='lat' dir='ltr'><strong>melior</strong></span> 
     </span>
     <span class='ocr_line' id='line_1_27' title="bbox 183 1492 1768 1548; baseline 0.001 -15"><span class='ocrx_word' id='word_1_222' title='bbox 183 1504 310 1546; x_wconf 85' lang='lat' dir='ltr'><strong>quam</strong></span> <span class='ocrx_word' id='word_1_223' title='bbox 337 1495 426 1533; x_wconf 86' lang='lat' dir='ltr'><strong>erat</strong></span> <span class='ocrx_word' id='word_1_224' title='bbox 453 1496 573 1542; x_wconf 88' lang='lat' dir='ltr'><strong>esset,</strong></span> <span class='ocrx_word' id='word_1_225' title='bbox 599 1492 672 1535; x_wconf 89' lang='lat' dir='ltr'><strong>sed</strong></span> <span class='ocrx_word' id='word_1_226' title='bbox 700 1493 867 1535; x_wconf 91' lang='lat' dir='ltr'><strong>omnino</strong></span> <span class='ocrx_word' id='word_1_227' title='bbox 895 1498 942 1534; x_wconf 88' lang='lat' dir='ltr'><strong>ut</strong></span> <span class='ocrx_word' id='word_1_228' title='bbox 968 1497 1075 1535; x_wconf 84' lang='lat' dir='ltr'><strong>esset</strong></span> <span class='ocrx_word' id='word_1_229' title='bbox 1101 1497 1143 1534; x_wconf 88' lang='lat' dir='ltr'><strong>et</strong></span> <span class='ocrx_word' id='word_1_230' title='bbox 1170 1493 1282 1548; x_wconf 91' lang='lat' dir='ltr'><strong>quod</strong></span> <span class='ocrx_word' id='word_1_231' title='bbox 1309 1498 1371 1535; x_wconf 88' lang='lat' dir='ltr'><strong>est</strong></span> <span class='ocrx_word' id='word_1_232' title='bbox 1398 1492 1476 1543; x_wconf 87' lang='lat' dir='ltr'><strong>ille,</strong></span> <span class='ocrx_word' id='word_1_233' title='bbox 1505 1493 1614 1535; x_wconf 79' lang='lat' dir='ltr'><strong>unde</strong></span> <span class='ocrx_word' id='word_1_234' title='bbox 1642 1498 1768 1535; x_wconf 87' lang='lat' dir='ltr'><strong>natus</strong></span> 
     </span>
     <span class='ocr_line' id='line_1_28' title="bbox 183 1555 1765 1614; baseline 0.001 -15"><span class='ocrx_word' id='word_1_235' title='bbox 183 1562 258 1607; x_wconf 87' lang='lat' dir='ltr'><strong>est,</strong></span> <span class='ocrx_word' id='word_1_236' title='bbox 286 1561 405 1606; x_wconf 87' lang='lat' dir='ltr'><strong>esset,</strong></span> <span class='ocrx_word' id='word_1_237' title='bbox 433 1555 511 1600; x_wconf 89' lang='lat' dir='ltr'><strong>hoc</strong></span> <span class='ocrx_word' id='word_1_238' title='bbox 536 1562 599 1599; x_wconf 87' lang='lat' dir='ltr'><strong>est</strong></span> <span class='ocrx_word' id='word_1_239' title='bbox 625 1557 747 1601; x_wconf 88' lang='lat' dir='ltr'><strong>unius</strong></span> <span class='ocrx_word' id='word_1_240' title='bbox 772 1559 1039 1613; x_wconf 88' lang='lat' dir='ltr'><strong>eiusdemque</strong></span> <span class='ocrx_word' id='word_1_241' title='bbox 1065 1564 1254 1609; x_wconf 82' lang='lat' dir='ltr'><strong>naturae,</strong></span> <span class='ocrx_word' id='word_1_242' title='bbox 1282 1558 1479 1614; x_wconf 87' lang='lat' dir='ltr'><strong>aequalis,</strong></span> <span class='ocrx_word' id='word_1_243' title='bbox 1507 1564 1765 1609; x_wconf 81' lang='lat' dir='ltr'><strong>coaeternus,</strong></span> 
     </span>
     <span class='ocr_line' id='line_1_29' title="bbox 183 1622 1770 1680; baseline 0 -15"><span class='ocrx_word' id='word_1_244' title='bbox 183 1623 294 1665; x_wconf 91' lang='lat' dir='ltr'><strong>omni</strong></span> <span class='ocrx_word' id='word_1_245' title='bbox 325 1623 450 1665; x_wconf 93' lang='lat' dir='ltr'><strong>modo</strong></span> <span class='ocrx_word' id='word_1_246' title='bbox 481 1622 638 1675; x_wconf 78' lang='lat' dir='ltr'><strong>similis,</strong></span> <span class='ocrx_word' id='word_1_247' title='bbox 670 1624 826 1680; x_wconf 83' lang='lat' dir='ltr'><strong>pariter</strong></span> <span class='ocrx_word' id='word_1_248' title='bbox 856 1623 1128 1675; x_wconf 87' lang='lat' dir='ltr'><strong>inmutabilis,</strong></span> <span class='ocrx_word' id='word_1_249' title='bbox 1161 1625 1317 1680; x_wconf 88' lang='lat' dir='ltr'><strong>pariter</strong></span> <span class='ocrx_word' id='word_1_250' title='bbox 1347 1624 1579 1675; x_wconf 74' lang='lat' dir='ltr'><strong>inuisibilis,</strong></span> <span class='ocrx_word' id='word_1_251' title='bbox 1612 1624 1770 1679; x_wconf 85' lang='lat' dir='ltr'><strong>pariter</strong></span> 
     </span>
     <span class='ocr_line' id='line_1_30' title="bbox 183 1688 1767 1746; baseline 0 -15"><span class='ocrx_word' id='word_1_252' title='bbox 183 1688 460 1744; x_wconf 89' lang='lat' dir='ltr'><strong>incorporeus,</strong></span> <span class='ocrx_word' id='word_1_253' title='bbox 488 1689 644 1744; x_wconf 84' lang='lat' dir='ltr'><strong>pariter</strong></span> <span class='ocrx_word' id='word_1_254' title='bbox 669 1691 784 1742; x_wconf 88' lang='lat' dir='ltr'><strong>deus,</strong></span> <span class='ocrx_word' id='word_1_255' title='bbox 811 1690 889 1733; x_wconf 92' lang='lat' dir='ltr'><strong>hoc</strong></span> <span class='ocrx_word' id='word_1_256' title='bbox 916 1690 1085 1733; x_wconf 91' lang='lat' dir='ltr'><strong>omnino</strong></span> <span class='ocrx_word' id='word_1_257' title='bbox 1112 1691 1224 1746; x_wconf 91' lang='lat' dir='ltr'><strong>quod</strong></span> <span class='ocrx_word' id='word_1_258' title='bbox 1251 1696 1384 1746; x_wconf 87' lang='lat' dir='ltr'><strong>pater,</strong></span> <span class='ocrx_word' id='word_1_259' title='bbox 1412 1690 1489 1733; x_wconf 88' lang='lat' dir='ltr'><strong>nisi</strong></span> <span class='ocrx_word' id='word_1_260' title='bbox 1516 1691 1627 1746; x_wconf 90' lang='lat' dir='ltr'><strong>quod</strong></span> <span class='ocrx_word' id='word_1_261' title='bbox 1656 1690 1767 1732; x_wconf 83' lang='lat' dir='ltr'><strong>filius</strong></span> 
     </span>
     <span class='ocr_line' id='line_1_31' title="bbox 183 1755 1767 1812; baseline 0.001 -16"><span class='ocrx_word' id='word_1_262' title='bbox 183 1759 245 1797; x_wconf 88' lang='lat' dir='ltr'><strong>est</strong></span> <span class='ocrx_word' id='word_1_263' title='bbox 268 1755 368 1810; x_wconf 86' lang='lat' dir='ltr'><strong>ipse,</strong></span> <span class='ocrx_word' id='word_1_264' title='bbox 393 1768 476 1797; x_wconf 89' lang='lat' dir='ltr'><strong>non</strong></span> <span class='ocrx_word' id='word_1_265' title='bbox 500 1755 650 1810; x_wconf 78' lang='lat' dir='ltr'><strong>pater?</strong></span> <span class='ocrx_word' id='word_1_266' title='bbox 690 1756 723 1799; x_wconf 86' lang='lat' dir='ltr'><strong>si</strong></span> <span class='ocrx_word' id='word_1_267' title='bbox 746 1762 891 1799; x_wconf 90' lang='lat' dir='ltr'><strong>autem</strong></span> <span class='ocrx_word' id='word_1_268' title='bbox 913 1762 1056 1799; x_wconf 85' lang='lat' dir='ltr'><strong>manet</strong></span> <span class='ocrx_word' id='word_1_269' title='bbox 1081 1756 1249 1812; x_wconf 89' lang='lat' dir='ltr'><strong>quidem</strong></span> <span class='ocrx_word' id='word_1_270' title='bbox 1274 1757 1360 1812; x_wconf 88' lang='lat' dir='ltr'><strong>ipse</strong></span> <span class='ocrx_word' id='word_1_271' title='bbox 1384 1756 1543 1811; x_wconf 86' lang='lat' dir='ltr'><strong>integer</strong></span> <span class='ocrx_word' id='word_1_272' title='bbox 1566 1757 1667 1799; x_wconf 88' lang='lat' dir='ltr'><strong>deus</strong></span> <span class='ocrx_word' id='word_1_273' title='bbox 1691 1769 1767 1798; x_wconf 89' lang='lat' dir='ltr'><strong>nec</strong></span> 
     </span>
     <span class='ocr_line' id='line_1_32' title="bbox 183 1819 1766 1878; baseline 0.001 -16"><span class='ocrx_word' id='word_1_274' title='bbox 183 1825 324 1863; x_wconf 91' lang='lat' dir='ltr'><strong>tamen</strong></span> <span class='ocrx_word' id='word_1_275' title='bbox 342 1821 393 1864; x_wconf 91' lang='lat' dir='ltr'><strong>de</strong></span> <span class='ocrx_word' id='word_1_276' title='bbox 410 1819 522 1863; x_wconf 93' lang='lat' dir='ltr'><strong>nullo</strong></span> <span class='ocrx_word' id='word_1_277' title='bbox 540 1821 605 1864; x_wconf 90' lang='lat' dir='ltr'><strong>uel</strong></span> <span class='ocrx_word' id='word_1_278' title='bbox 621 1822 673 1865; x_wconf 90' lang='lat' dir='ltr'><strong>de</strong></span> <span class='ocrx_word' id='word_1_279' title='bbox 689 1822 783 1874; x_wconf 89' lang='lat' dir='ltr'><strong>alio,</strong></span> <span class='ocrx_word' id='word_1_280' title='bbox 801 1823 872 1866; x_wconf 90' lang='lat' dir='ltr'><strong>sed</strong></span> <span class='ocrx_word' id='word_1_281' title='bbox 889 1823 940 1865; x_wconf 85' lang='lat' dir='ltr'><strong>de</strong></span> <span class='ocrx_word' id='word_1_282' title='bbox 957 1836 999 1865; x_wconf 90' lang='lat' dir='ltr'><strong>se</strong></span> <span class='ocrx_word' id='word_1_283' title='bbox 1015 1822 1105 1877; x_wconf 88' lang='lat' dir='ltr'><strong>ipso</strong></span> <span class='ocrx_word' id='word_1_284' title='bbox 1121 1822 1332 1865; x_wconf 88' lang='lat' dir='ltr'><strong>diuersum</strong></span> <span class='ocrx_word' id='word_1_285' title='bbox 1350 1822 1507 1878; x_wconf 88' lang='lat' dir='ltr'><strong>aliquid</strong></span> <span class='ocrx_word' id='word_1_286' title='bbox 1525 1822 1567 1864; x_wconf 93' lang='lat' dir='ltr'><strong>in</strong></span> <span class='ocrx_word' id='word_1_287' title='bbox 1584 1822 1766 1865; x_wconf 86' lang='lat' dir='ltr'><strong>deterius</strong></span> 
     </span>
     <span class='ocr_line' id='line_1_33' title="bbox 183 1887 1766 1944; baseline 0.001 -16"><span class='ocrx_word' id='word_1_288' title='bbox 183 1891 296 1929; x_wconf 87' lang='lat' dir='ltr'><strong>creat</strong></span> <span class='ocrx_word' id='word_1_289' title='bbox 320 1891 361 1929; x_wconf 92' lang='lat' dir='ltr'><strong>et</strong></span> <span class='ocrx_word' id='word_1_290' title='bbox 386 1887 438 1929; x_wconf 93' lang='lat' dir='ltr'><strong>de</strong></span> <span class='ocrx_word' id='word_1_291' title='bbox 461 1887 702 1943; x_wconf 89' lang='lat' dir='ltr'><strong>incorporeo</strong></span> <span class='ocrx_word' id='word_1_292' title='bbox 727 1889 804 1931; x_wconf 94' lang='lat' dir='ltr'><strong>deo</strong></span> <span class='ocrx_word' id='word_1_293' title='bbox 830 1902 978 1944; x_wconf 87' lang='lat' dir='ltr'><strong>corpus</strong></span> <span class='ocrx_word' id='word_1_294' title='bbox 1003 1893 1186 1940; x_wconf 86' lang='lat' dir='ltr'><strong>emanat,</strong></span> <span class='ocrx_word' id='word_1_295' title='bbox 1211 1888 1334 1938; x_wconf 85' lang='lat' dir='ltr'><strong>absit,</strong></span> <span class='ocrx_word' id='word_1_296' title='bbox 1362 1894 1409 1930; x_wconf 90' lang='lat' dir='ltr'><strong>ut</strong></span> <span class='ocrx_word' id='word_1_297' title='bbox 1434 1888 1511 1931; x_wconf 91' lang='lat' dir='ltr'><strong>hoc</strong></span> <span class='ocrx_word' id='word_1_298' title='bbox 1536 1888 1766 1930; x_wconf 85' lang='lat' dir='ltr'><strong>catholicus</strong></span> 
     </span>
     <span class='ocr_line' id='line_1_34' title="bbox 183 1951 1765 2009; baseline 0.001 -15"><span class='ocrx_word' id='word_1_299' title='bbox 183 1952 347 1994; x_wconf 91' lang='lat' dir='ltr'><strong>animus</strong></span> <span class='ocrx_word' id='word_1_300' title='bbox 370 1951 511 1995; x_wconf 88' lang='lat' dir='ltr'><strong>bibat!</strong></span> <span class='ocrx_word' id='word_1_301' title='bbox 537 1967 619 1996; x_wconf 92' lang='lat' dir='ltr'><strong>non</strong></span> <span class='ocrx_word' id='word_1_302' title='bbox 645 1954 755 1996; x_wconf 90' lang='lat' dir='ltr'><strong>enim</strong></span> <span class='ocrx_word' id='word_1_303' title='bbox 779 1960 842 1996; x_wconf 87' lang='lat' dir='ltr'><strong>est</strong></span> <span class='ocrx_word' id='word_1_304' title='bbox 863 1954 1070 1997; x_wconf 87' lang='lat' dir='ltr'><strong>fluentum</strong></span> <span class='ocrx_word' id='word_1_305' title='bbox 1096 1954 1223 1996; x_wconf 82' lang='lat' dir='ltr'><strong>fontis</strong></span> <span class='ocrx_word' id='word_1_306' title='bbox 1247 1954 1391 2003; x_wconf 85' lang='lat' dir='ltr'><strong>diuini,</strong></span> <span class='ocrx_word' id='word_1_307' title='bbox 1418 1954 1487 1996; x_wconf 88' lang='lat' dir='ltr'><strong>sed</strong></span> <span class='ocrx_word' id='word_1_308' title='bbox 1514 1953 1765 2009; x_wconf 86' lang='lat' dir='ltr'><strong>figmentum</strong></span> 
     </span>
     <span class='ocr_line' id='line_1_35' title="bbox 183 2017 532 2061; baseline 0.006 -2"><span class='ocrx_word' id='word_1_309' title='bbox 183 2017 318 2060; x_wconf 90' lang='lat' dir='ltr'><strong>cordis</strong></span> <span class='ocrx_word' id='word_1_310' title='bbox 347 2018 532 2061; x_wconf 85' lang='lat' dir='ltr'><strong>humani.</strong></span> 
     </span>
    </p>

    <p class='ocr_par' dir='ltr' id='par_1_8' title="bbox 184 2083 1767 2206">
     <span class='ocr_line' id='line_1_36' title="bbox 291 2083 1767 2141; baseline 0.001 -15"><span class='ocrx_word' id='word_1_311' title='bbox 291 2083 362 2126; x_wconf 88' lang='lat' dir='ltr'><strong>VI.</strong></span> <span class='ocrx_word' id='word_1_312' title='bbox 396 2085 456 2128; x_wconf 92' lang='lat'><strong>10.</strong></span> <span class='ocrx_word' id='word_1_313' title='bbox 491 2084 581 2127; x_wconf 86' lang='lat' dir='ltr'><strong>Iam</strong></span> <span class='ocrx_word' id='word_1_314' title='bbox 611 2098 707 2127; x_wconf 88' lang='lat' dir='ltr'><strong>uero</strong></span> <span class='ocrx_word' id='word_1_315' title='bbox 738 2099 866 2140; x_wconf 91' lang='lat' dir='ltr'><strong>quam</strong></span> <span class='ocrx_word' id='word_1_316' title='bbox 894 2085 1034 2141; x_wconf 89' lang='lat' dir='ltr'><strong>inepte</strong></span> <span class='ocrx_word' id='word_1_317' title='bbox 1063 2084 1222 2128; x_wconf 88' lang='lat' dir='ltr'><strong>laboret</strong></span> <span class='ocrx_word' id='word_1_318' title='bbox 1252 2085 1450 2136; x_wconf 86' lang='lat' dir='ltr'><strong>animam,</strong></span> <span class='ocrx_word' id='word_1_319' title='bbox 1481 2098 1608 2140; x_wconf 88' lang='lat' dir='ltr'><strong>quam</strong></span> <span class='ocrx_word' id='word_1_320' title='bbox 1639 2090 1767 2140; x_wconf 90' lang='lat' dir='ltr'><strong>putat</strong></span> 
     </span>
     <span class='ocr_line' id='line_1_37' title="bbox 184 2150 1767 2206; baseline 0.001 -15"><span class='ocrx_word' id='word_1_321' title='bbox 184 2162 269 2191; x_wconf 84' lang='lat' dir='ltr'><strong>esse</strong></span> <span class='ocrx_word' id='word_1_322' title='bbox 281 2163 534 2205; x_wconf 80' lang='lat' dir='ltr'><strong>corpoream,</strong></span> <span class='ocrx_word' id='word_1_323' title='bbox 548 2150 758 2193; x_wconf 90' lang='lat' dir='ltr'><strong>uindicare</strong></span> <span class='ocrx_word' id='word_1_324' title='bbox 774 2165 798 2193; x_wconf 89' lang='lat' dir='ltr'><strong>a</strong></span> <span class='ocrx_word' id='word_1_325' title='bbox 814 2150 1076 2206; x_wconf 88' lang='lat' dir='ltr'><strong>passionibus</strong></span> <span class='ocrx_word' id='word_1_326' title='bbox 1092 2151 1272 2206; x_wconf 88' lang='lat' dir='ltr'><strong>corporis</strong></span> <span class='ocrx_word' id='word_1_327' title='bbox 1289 2151 1509 2206; x_wconf 88' lang='lat' dir='ltr'><strong>disputans</strong></span> <span class='ocrx_word' id='word_1_328' title='bbox 1523 2151 1586 2193; x_wconf 78' lang='lat' dir='ltr'><strong>‘de</strong></span> <span class='ocrx_word' id='word_1_329' title='bbox 1602 2151 1767 2194; x_wconf 90' lang='lat' dir='ltr'><strong>animae</strong></span> 
     </span>
    </p>
   </div>
   <div class='ocr_carea' id='block_1_8' title="bbox 277 2285 998 2329">
    <p class='ocr_par' dir='ltr' id='par_1_9' title="bbox 277 2285 998 2329">
     <span class='ocr_line' id='line_1_38' title="bbox 277 2285 998 2329; baseline 0.001 -7"><span class='ocrx_word' id='word_1_330' title='bbox 277 2286 318 2322; x_wconf 90' lang='lat'><strong>15</strong></span> <span class='ocrx_word' id='word_1_331' title='bbox 338 2286 383 2323; x_wconf 79' lang='lat' dir='ltr'><strong>cf.</strong></span> <span class='ocrx_word' id='word_1_332' title='bbox 405 2285 480 2322; x_wconf 88' lang='lat' dir='ltr'><strong>Ioh.</strong></span> <span class='ocrx_word' id='word_1_333' title='bbox 505 2287 535 2329; x_wconf 91' lang='lat'><strong>1,</strong></span> <span class='ocrx_word' id='word_1_334' title='bbox 560 2288 601 2323; x_wconf 88' lang='grc'><strong>14</strong></span> <span class='ocrx_word' id='word_1_335' title='bbox 694 2287 737 2323; x_wconf 87' lang='grc'><strong>29</strong></span> <span class='ocrx_word' id='word_1_336' title='bbox 754 2286 854 2323; x_wconf 88' lang='lat' dir='ltr'><strong>Vinc.</strong></span> <span class='ocrx_word' id='word_1_337' title='bbox 877 2286 998 2323; x_wconf 86' lang='lat' dir='ltr'><strong>Victor</strong></span> 
     </span>
    </p>
   </div>
   <div class='ocr_carea' id='block_1_9' title="bbox 185 2380 1764 2845">
    <p class='ocr_par' dir='ltr' id='par_1_10' title="bbox 185 2380 1764 2845">
     <span class='ocr_line' id='line_1_39' title="bbox 277 2380 1764 2430; baseline 0.001 -13"><span class='ocrx_word' id='word_1_338' title='bbox 277 2381 297 2416; x_wconf 89' lang='lat'>2</span> <span class='ocrx_word' id='word_1_339' title='bbox 321 2380 414 2418; x_wconf 78' lang='lat' dir='ltr'><strong>intet</strong></span> <span class='ocrx_word' id='word_1_340' title='bbox 430 2382 464 2418; x_wconf 99' lang='lat' dir='ltr'><strong><em>A</em></strong></span> <span class='ocrx_word' id='word_1_341' title='bbox 556 2382 723 2419; x_wconf 85' lang='lat' dir='ltr'><strong>conuenit</strong></span> <span class='ocrx_word' id='word_1_342' title='bbox 743 2383 800 2419; x_wconf 86' lang='lat' dir='ltr'><strong>CG</strong></span> <span class='ocrx_word' id='word_1_343' title='bbox 891 2383 913 2419; x_wconf 87' lang='lat'>3</span> <span class='ocrx_word' id='word_1_344' title='bbox 938 2394 1133 2430; x_wconf 88' lang='lat' dir='ltr'><strong>numquam</strong></span> <span class='ocrx_word' id='word_1_345' title='bbox 1150 2384 1245 2420; x_wconf 85' lang='lat' dir='ltr'><strong>om.G</strong></span> <span class='ocrx_word' id='word_1_346' title='bbox 1337 2383 1400 2429; x_wconf 78' lang='lat' dir='ltr'><strong>hec</strong></span> <span class='ocrx_word' id='word_1_347' title='bbox 1427 2387 1540 2420; x_wconf 78' lang='lat' dir='ltr'><strong>testor</strong></span> <span class='ocrx_word' id='word_1_348' title='bbox 1564 2383 1713 2419; x_wconf 76' lang='lat' dir='ltr'><strong>docente</strong></span> <span class='ocrx_word' id='word_1_349' title='bbox 1730 2383 1764 2418; x_wconf 88' lang='grc' dir='ltr'><em>Ε</em></span> 
     </span>
     <span class='ocr_line' id='line_1_40' title="bbox 185 2439 1757 2490; baseline 0.001 -14"><span class='ocrx_word' id='word_1_350' title='bbox 185 2440 208 2476; x_wconf 86' lang='grc'><strong>6</strong></span> <span class='ocrx_word' id='word_1_351' title='bbox 225 2439 455 2488; x_wconf 78' lang='lat' dir='ltr'><strong>impeccatiA</strong></span> <span class='ocrx_word' id='word_1_352' title='bbox 532 2444 551 2479; x_wconf 85' lang='lat'>7</span> <span class='ocrx_word' id='word_1_353' title='bbox 565 2441 737 2479; x_wconf 78' lang='lat' dir='ltr'><strong>anticitA</strong></span> <span class='ocrx_word' id='word_1_354' title='bbox 820 2453 885 2480; x_wconf 86' lang='lat' dir='ltr'><strong>sua</strong></span> <span class='ocrx_word' id='word_1_355' title='bbox 900 2446 1030 2480; x_wconf 74' lang='lat' dir='ltr'><strong>natma</strong></span> <span class='ocrx_word' id='word_1_356' title='bbox 1044 2444 1067 2479; x_wconf 83' lang='lat' dir='ltr'><strong>d</strong></span> <span class='ocrx_word' id='word_1_357' title='bbox 1141 2445 1162 2480; x_wconf 93' lang='lat'>8</span> <span class='ocrx_word' id='word_1_358' title='bbox 1180 2443 1254 2490; x_wconf 85' lang='lat' dir='ltr'><strong>ipso</strong></span> <span class='ocrx_word' id='word_1_359' title='bbox 1269 2444 1371 2479; x_wconf 82' lang='lat' dir='ltr'><strong>om.E</strong></span> <span class='ocrx_word' id='word_1_360' title='bbox 1445 2443 1466 2478; x_wconf 88' lang='lat'><strong>9</strong></span> <span class='ocrx_word' id='word_1_361' title='bbox 1481 2454 1532 2489; x_wconf 81' lang='lat' dir='ltr'><strong>pr.</strong></span> <span class='ocrx_word' id='word_1_362' title='bbox 1544 2447 1599 2479; x_wconf 86' lang='lat' dir='ltr'><strong>est</strong></span> <span class='ocrx_word' id='word_1_363' title='bbox 1616 2442 1712 2478; x_wconf 84' lang='lat' dir='ltr'><strong>aliud</strong></span> <span class='ocrx_word' id='word_1_364' title='bbox 1726 2443 1757 2478; x_wconf 87' lang='lat' dir='ltr'><em>E</em></span> 
     </span>
     <span class='ocr_line' id='line_1_41' title="bbox 188 2500 1764 2550; baseline 0.001 -14"><span class='ocrx_word' id='word_1_365' title='bbox 188 2502 229 2537; x_wconf 92' lang='lat'><strong>11</strong></span> <span class='ocrx_word' id='word_1_366' title='bbox 248 2503 331 2537; x_wconf 71' lang='lat' dir='ltr'><strong>utro</strong></span> <span class='ocrx_word' id='word_1_367' title='bbox 344 2500 385 2537; x_wconf 76' lang='lat' dir='ltr'><strong>in</strong></span> <span class='ocrx_word' id='word_1_368' title='bbox 398 2513 464 2548; x_wconf 82' lang='lat' dir='ltr'><strong>mq.</strong></span> <span class='ocrx_word' id='word_1_369' title='bbox 475 2501 508 2538; x_wconf 88' lang='lat' dir='ltr'><em>E</em></span> <span class='ocrx_word' id='word_1_370' title='bbox 608 2504 650 2540; x_wconf 91' lang='lat'><strong>13</strong></span> <span class='ocrx_word' id='word_1_371' title='bbox 663 2502 830 2539; x_wconf 82' lang='lat' dir='ltr'><strong>essentire</strong></span> <span class='ocrx_word' id='word_1_372' title='bbox 844 2502 873 2539; x_wconf 82' lang='grc' dir='ltr'><em>Ο</em></span> <span class='ocrx_word' id='word_1_373' title='bbox 980 2506 1021 2540; x_wconf 88' lang='grc'><strong>14</strong></span> <span class='ocrx_word' id='word_1_374' title='bbox 1038 2502 1163 2550; x_wconf 83' lang='lat' dir='ltr'><strong>genuit</strong></span> <span class='ocrx_word' id='word_1_375' title='bbox 1177 2514 1258 2539; x_wconf 89' lang='lat' dir='ltr'><strong>eum</strong></span> <span class='ocrx_word' id='word_1_376' title='bbox 1270 2502 1302 2539; x_wconf 85' lang='lat' dir='ltr'><strong><em>E</em></strong></span> <span class='ocrx_word' id='word_1_377' title='bbox 1395 2503 1469 2550; x_wconf 90' lang='lat' dir='ltr'><strong>ipse</strong></span> <span class='ocrx_word' id='word_1_378' title='bbox 1491 2507 1545 2540; x_wconf 82' lang='lat' dir='ltr'><strong>est</strong></span> <span class='ocrx_word' id='word_1_379' title='bbox 1563 2502 1764 2538; x_wconf 80' lang='lat' dir='ltr'><strong><em>ABCFde</em></strong></span> 
     </span>
     <span class='ocr_line' id='line_1_42' title="bbox 189 2559 1759 2608; baseline 0.001 -12"><span class='ocrx_word' id='word_1_380' title='bbox 189 2561 231 2597; x_wconf 81' lang='lat'><strong>15</strong></span> <span class='ocrx_word' id='word_1_381' title='bbox 245 2559 465 2598; x_wconf 81' lang='lat' dir='ltr'><strong>adsumsitD</strong></span> <span class='ocrx_word' id='word_1_382' title='bbox 556 2563 598 2599; x_wconf 88' lang='lat'><strong>16</strong></span> <span class='ocrx_word' id='word_1_383' title='bbox 613 2566 669 2599; x_wconf 80' lang='lat' dir='ltr'><strong>est</strong></span> <span class='ocrx_word' id='word_1_384' title='bbox 682 2562 739 2599; x_wconf 70' lang='lat' dir='ltr'><strong>alt.</strong></span> <span class='ocrx_word' id='word_1_385' title='bbox 755 2574 819 2598; x_wconf 87' lang='lat' dir='ltr'><strong>om.</strong></span> <span class='ocrx_word' id='word_1_386' title='bbox 838 2561 982 2599; x_wconf 77' lang='lat' dir='ltr'><strong>BCFGb</strong></span> <span class='ocrx_word' id='word_1_387' title='bbox 1087 2562 1256 2600; x_wconf 82' lang='lat' dir='ltr'><strong>hoo-est</strong></span> <span class='ocrx_word' id='word_1_388' title='bbox 1271 2563 1322 2598; x_wconf 77' lang='lat' dir='ltr'><strong>bis</strong></span> <span class='ocrx_word' id='word_1_389' title='bbox 1338 2574 1417 2608; x_wconf 79' lang='lat' dir='ltr'><strong>pon.</strong></span> <span class='ocrx_word' id='word_1_390' title='bbox 1432 2563 1460 2598; x_wconf 88' lang='lat' dir='ltr'><em>C</em></span> <span class='ocrx_word' id='word_1_391' title='bbox 1570 2564 1611 2598; x_wconf 85' lang='lat'><strong>17</strong></span> <span class='ocrx_word' id='word_1_392' title='bbox 1628 2561 1714 2598; x_wconf 81' lang='lat' dir='ltr'><strong>talia</strong></span> <span class='ocrx_word' id='word_1_393' title='bbox 1727 2563 1759 2596; x_wconf 87' lang='lat' dir='ltr'><strong><em>A</em></strong></span> 
     </span>
     <span class='ocr_line' id='line_1_43' title="bbox 189 2619 1760 2670; baseline -0.001 -13"><span class='ocrx_word' id='word_1_394' title='bbox 189 2619 256 2657; x_wconf 70' lang='lat' dir='ltr'><strong>hoo</strong></span> <span class='ocrx_word' id='word_1_395' title='bbox 271 2620 368 2658; x_wconf 61' lang='lat' dir='ltr'><strong>esti:</strong></span> <span class='ocrx_word' id='word_1_396' title='bbox 435 2622 478 2658; x_wconf 89' lang='lat'><strong>18</strong></span> <span class='ocrx_word' id='word_1_397' title='bbox 493 2624 548 2658; x_wconf 86' lang='lat' dir='ltr'><strong>est</strong></span> <span class='ocrx_word' id='word_1_398' title='bbox 560 2620 668 2659; x_wconf 69' lang='lat' dir='ltr'><strong>mh:</strong></span> <span class='ocrx_word' id='word_1_399' title='bbox 725 2622 770 2659; x_wconf 87' lang='grc'><strong>20</strong></span> <span class='ocrx_word' id='word_1_400' title='bbox 784 2625 840 2659; x_wconf 82' lang='lat' dir='ltr'><strong>est</strong></span> <span class='ocrx_word' id='word_1_401' title='bbox 853 2623 1020 2668; x_wconf 80' lang='lat' dir='ltr'><strong>pr.om.G</strong></span> <span class='ocrx_word' id='word_1_402' title='bbox 1098 2624 1141 2659; x_wconf 84' lang='lat'><strong>22</strong></span> <span class='ocrx_word' id='word_1_403' title='bbox 1157 2622 1195 2659; x_wconf 89' lang='lat' dir='ltr'><strong>in</strong></span> <span class='ocrx_word' id='word_1_404' title='bbox 1210 2634 1352 2670; x_wconf 85' lang='lat' dir='ltr'><strong>corpore</strong></span> <span class='ocrx_word' id='word_1_405' title='bbox 1368 2622 1485 2659; x_wconf 79' lang='lat' dir='ltr'><strong>eiusA</strong></span> <span class='ocrx_word' id='word_1_406' title='bbox 1537 2623 1580 2658; x_wconf 88' lang='grc'><strong>23</strong></span> <span class='ocrx_word' id='word_1_407' title='bbox 1599 2633 1650 2667; x_wconf 83' lang='lat' dir='ltr'><strong>pr.</strong></span> <span class='ocrx_word' id='word_1_408' title='bbox 1670 2620 1760 2668; x_wconf 80' lang='lat' dir='ltr'><strong>ipse}</strong></span> 
     </span>
     <span class='ocr_line' id='line_1_44' title="bbox 187 2677 1764 2729; baseline 0 -13"><span class='ocrx_word' id='word_1_409' title='bbox 187 2677 226 2716; x_wconf 81' lang='lat' dir='ltr'><strong>in</strong></span> <span class='ocrx_word' id='word_1_410' title='bbox 236 2690 275 2716; x_wconf 83' lang='lat' dir='ltr'><strong>se</strong></span> <span class='ocrx_word' id='word_1_411' title='bbox 285 2679 314 2716; x_wconf 84' lang='lat' dir='ltr'><strong><em>G</em></strong></span> <span class='ocrx_word' id='word_1_412' title='bbox 380 2682 423 2717; x_wconf 82' lang='grc'><strong>24</strong></span> <span class='ocrx_word' id='word_1_413' title='bbox 438 2692 476 2718; x_wconf 82' lang='lat' dir='ltr'><strong>se</strong></span> <span class='ocrx_word' id='word_1_414' title='bbox 492 2692 555 2718; x_wconf 73' lang='lat' dir='ltr'><strong>om</strong></span> <span class='ocrx_word' id='word_1_415' title='bbox 570 2681 599 2717; x_wconf 87' lang='lat' dir='ltr'><strong><em>G</em></strong></span> <span class='ocrx_word' id='word_1_416' title='bbox 668 2681 712 2727; x_wconf 71' lang='lat' dir='ltr'><strong>de</strong></span> <span class='ocrx_word' id='word_1_417' title='bbox 724 2681 880 2720; x_wconf 76' lang='lat' dir='ltr'><strong>deterius</strong></span> <span class='ocrx_word' id='word_1_418' title='bbox 891 2682 921 2718; x_wconf 84' lang='lat' dir='ltr'><strong><em>C</em></strong></span> <span class='ocrx_word' id='word_1_419' title='bbox 981 2682 1025 2719; x_wconf 82' lang='lat'><strong>25</strong></span> <span class='ocrx_word' id='word_1_420' title='bbox 1039 2683 1146 2729; x_wconf 78' lang='lat' dir='ltr'><strong>hecE</strong></span> <span class='ocrx_word' id='word_1_421' title='bbox 1216 2683 1260 2720; x_wconf 87' lang='grc'><strong>26</strong></span> <span class='ocrx_word' id='word_1_422' title='bbox 1276 2682 1369 2719; x_wconf 87' lang='lat' dir='ltr'><strong>bibit</strong></span> <span class='ocrx_word' id='word_1_423' title='bbox 1379 2682 1408 2718; x_wconf 80' lang='grc' dir='ltr'><em>Ο</em></span> <span class='ocrx_word' id='word_1_424' title='bbox 1468 2681 1647 2718; x_wconf 73' lang='lat' dir='ltr'><strong>fluentum</strong></span> <span class='ocrx_word' id='word_1_425' title='bbox 1661 2684 1716 2717; x_wconf 83' lang='lat' dir='ltr'><strong>est</strong></span> <span class='ocrx_word' id='word_1_426' title='bbox 1729 2680 1764 2716; x_wconf 80' lang='grc' dir='ltr'><strong><em>Β</em></strong></span> 
     </span>
     <span class='ocr_line' id='line_1_45' title="bbox 188 2738 1760 2790; baseline 0.001 -14"><span class='ocrx_word' id='word_1_427' title='bbox 188 2738 329 2777; x_wconf 66' lang='lat' dir='ltr'><strong>torti-0</strong></span> <span class='ocrx_word' id='word_1_428' title='bbox 413 2741 686 2788; x_wconf 73' lang='lat' dir='ltr'><strong>ffigmmtumA</strong></span> <span class='ocrx_word' id='word_1_429' title='bbox 774 2742 819 2779; x_wconf 84' lang='lat'><strong>28</strong></span> <span class='ocrx_word' id='word_1_430' title='bbox 832 2745 960 2790; x_wconf 82' lang='lat' dir='ltr'><strong>putata</strong></span> <span class='ocrx_word' id='word_1_431' title='bbox 972 2746 991 2779; x_wconf 75' lang='grc' dir='ltr'>δ</span> <span class='ocrx_word' id='word_1_432' title='bbox 1003 2742 1037 2778; x_wconf 82' lang='grc' dir='ltr'><em>Ε</em></span> <span class='ocrx_word' id='word_1_433' title='bbox 1113 2742 1155 2779; x_wconf 89' lang='grc'><strong>29</strong></span> <span class='ocrx_word' id='word_1_434' title='bbox 1167 2742 1364 2779; x_wconf 83' lang='lat' dir='ltr'><strong>uindicaret</strong></span> <span class='ocrx_word' id='word_1_435' title='bbox 1374 2743 1408 2778; x_wconf 90' lang='lat' dir='ltr'><strong><em>A</em></strong></span> <span class='ocrx_word' id='word_1_436' title='bbox 1429 2741 1591 2778; x_wconf 78' lang='lat' dir='ltr'><strong>uedicare</strong></span> <span class='ocrx_word' id='word_1_437' title='bbox 1601 2741 1620 2777; x_wconf 85' lang='lat' dir='ltr'><strong>b</strong></span> <span class='ocrx_word' id='word_1_438' title='bbox 1640 2741 1677 2777; x_wconf 75' lang='lat' dir='ltr'><strong>in</strong></span> <span class='ocrx_word' id='word_1_439' title='bbox 1691 2751 1760 2788; x_wconf 66' lang='grc' dir='ltr'><strong>περ.</strong></span> 
     </span>
     <span class='ocr_line' id='line_1_46' title="bbox 189 2798 407 2845; baseline 0.009 -10"><span class='ocrx_word' id='word_1_440' title='bbox 189 2798 361 2845; x_wconf 69' lang='lat' dir='ltr'><strong>passionis</strong></span> <span class='ocrx_word' id='word_1_441' title='bbox 373 2801 407 2837; x_wconf 90' lang='lat' dir='ltr'><strong><em>A</em></strong></span> 
     </span>
    </p>
   </div>
  </div>
 </body>
</html>
