2028 3204
260 169 341 212 350
697 179 755 214 IV.
788 179 842 215 De
873 183 1000 216 natura
1031 183 1068 216 et
1097 180 1230 227 origine
1257 181 1396 217 animae

258 304 512 347 auctoritate
545 318 753 347 censurae.
788 304 939 347 uideris
972 309 1033 355 tu,
1067 305 1207 357 frater,
1237 306 1445 360 quomodo
1471 306 1675 349 sustinere
1701 307 1830 362 possis

258 371 385 412 istum
418 371 657 421 docentem;
700 370 893 412 catholici
925 376 1068 413 tamen
1101 371 1171 426 qui
1202 384 1350 414 sanum
1382 371 1551 427 sapiunt
1581 372 1829 423 sacerdotes,

258 435 409 494 quibus
442 440 483 478 et
516 442 557 478 te
591 440 756 491 oportet
788 436 969 491 adiungi,
1003 436 1114 478 absit
1146 441 1193 479 ut
1225 437 1497 492 adquiescant
1528 437 1655 479 istum
1688 438 1831 480 audire

258 507 508 552 censentem,
559 515 681 556 quem
729 501 868 556 potius
916 507 1066 557 optant
1112 502 1420 558 resipiscentem
1462 516 1509 545 ac
1546 503 1755 546 dolentem
1789 507 1830 546 et

259 568 369 622 quod
404 567 486 609 ista
516 567 701 615 senserit,
736 567 862 609 immo
895 581 992 609 uero
1033 568 1160 610 etiam
1193 568 1400 624 scripserit
1432 568 1683 611 correctione
1723 568 1831 611 salu·
1858 582 1875 609 5

259 633 439 674 berrima
469 633 767 687 paenitentem.
802 632 870 674 sed
911 632 994 683 hoc,
1033 633 1196 688 inquit,
1218 634 1397 688 exemplo
1437 634 1747 677 Machabeorum
1786 634 1831 676 iri

258 699 407 752 proelio
439 698 663 741 cadentium
698 703 831 740 astruo
862 698 1105 751 jaciendum,
1138 699 1208 753 qui
1239 713 1328 741 cum
1359 700 1500 752 furtim
1531 699 1578 741 de
1609 699 1830 742 interdictis

260 765 461 817 auferrent
502 769 617 818 atque
656 765 701 806 iu
743 764 834 818 ipso
866 764 1077 806 certamine
1109 764 1352 815 cecidissent,
1387 779 1411 807 a
1441 765 1719 812 sacerdotibus.
1755 765 1828 815 ait,

259 830 498 872 iriueuimus
529 829 600 872 hoc
630 830 780 872 initum
821 830 948 882 fuisse
994 831 1222 880 consilium,
1272 835 1315 872 ut
1362 843 1529 884 quorum
1576 831 1737 873 animas
1783 842 1833 872 ex

258 895 380 938 uetito
413 899 544 938 reatus
577 895 852 945 obstrinxerat,
885 895 1179 948 sacrificiorum
1214 894 1357 938 oblatio
1387 900 1601 950 repararet.
1636 896 1698 938 ita
1724 896 1831 938 istuc
1860 907 1900 937 ιο

258 961 374 1007 dicit,
410 961 526 1016 quasi
558 975 632 1016 pro
666 961 960 1003 incircumcisis
1003 961 1074 1003 illa
1115 961 1257 1003 oblata
1299 961 1441 1017 legerit
1474 961 1690 1013 sacrificia,
1724 961 1831 1004 sicut

260 1027 359 1068 haec
401 1032 546 1068 nostra
586 1040 660 1082 pro
702 1040 786 1069 non
827 1026 1053 1082 baptizatis
1098 1027 1257 1069 censuit
1300 1026 1524 1069 offerenda.
1574 1026 1831 1069 circumcisio

261 1091 415 1147 quippe
454 1091 537 1134 fuit
586 1092 694 1134 illius
741 1092 941 1147 temporis
988 1097 1309 1143 sacramentum,
1361 1093 1470 1147 quod
1518 1092 1831 1147 praefigurabat

258 1157 391 1200 nostri
424 1158 622 1213 temporis
656 1158 924 1213 baptismum.

363 1247 463 1289 XII.
510 1248 571 1290 16.
615 1246 768 1289 Verum
802 1252 945 1289 tamen
976 1247 1055 1288 iste
1086 1246 1128 1289 in
1160 1247 1223 1289 sui
1256 1246 1567 1302 comparatione
1601 1246 1733 1301 qualis
1767 1260 1836 1301 po-
1862 1258 1898 1286 15

259 1312 409 1355 sterius
443 1312 639 1368 apparuit
672 1312 928 1355 tolerabilius
961 1313 1097 1355 adhuc
1129 1317 1252 1355 errat.
1301 1326 1399 1355 nam
1432 1312 1547 1354 uelut
1579 1311 1830 1367 paenituerit

260 1392 354 1420 eum
388 1404 437 1408 —
471 1392 555 1421 non
603 1379 713 1433 quod
761 1378 907 1420 debuit
955 1378 1178 1433 paenitere,
1227 1378 1266 1419 id
1311 1383 1373 1420 est
1406 1378 1515 1433 quod
1549 1391 1672 1420 ausus
1706 1377 1830 1420 fuerit

260 1458 438 1486 asserere
471 1458 554 1487 non
587 1443 812 1499 baptizatis
843 1444 1019 1486 relaxari
1063 1443 1258 1499 originale
1290 1448 1508 1499 peccatum
1540 1449 1667 1498 atque
1700 1442 1831 1486 indul-

256 1509 443 1564 gentiam
490 1510 580 1552 dari
628 1509 812 1552 omnium
858 1515 1139 1565 peccatorum,
1189 1515 1235 1552 ut
1268 1509 1310 1551 in
1341 1509 1594 1564 paradisum,
1643 1509 1720 1551 hoc
1769 1513 1832 1550 est
1976 1567 1978 1569 -

260 1575 395 1617 locum
458 1580 604 1618 tantae
667 1574 892 1626 felicitatis,
952 1575 1180 1618 mittantur
1227 1580 1268 1617 et
1316 1574 1460 1617 beatas
1508 1574 1741 1616 mansiones
1789 1573 1831 1616 in
1858 1585 1900 1614 20
1975 1578 1979 1602 ³

257 1642 383 1683 domo
415 1641 481 1682 dei
513 1641 645 1696 patris
678 1641 829 1683 habere
861 1645 1110 1691 mereantur,
1155 1642 1225 1683 sed
1259 1639 1360 1682 illud
1394 1654 1487 1682 cum
1520 1639 1659 1695 potius
1692 1639 1832 1694 paeni-

259 1706 403 1756 tuerit,
453 1707 563 1761 quod
612 1706 668 1748 eis
716 1706 886 1749 minoris
933 1705 1208 1748 beatitudinis
1256 1711 1377 1747 extra
1421 1718 1593 1759 regnum
1626 1705 1831 1747 caelorum

261 1772 509 1815 concesserit
541 1772 657 1814 sedes
690 1797 752 1821 —,
788 1771 983 1814 adiunxit
1028 1777 1154 1827 atque
1202 1771 1280 1813 ait:
1330 1775 1398 1812 aut
1429 1771 1468 1813 si
1497 1771 1595 1823 sorte
1627 1770 1830 1824 quispiam

258 1838 467 1880 reluctetur
500 1837 667 1879 latronis
700 1837 862 1879 animae
892 1837 956 1879 uel
988 1836 1221 1879 Dinocratis
1262 1837 1424 1878 iuterim
1467 1836 1702 1890 temporarie
1742 1849 1832 1877 cori-
1962 1888 1970 1900 Β

261 1903 387 1945 latum
434 1903 673 1957 paradisum
704 1928 757 1932 —
788 1916 884 1945 riam
924 1915 1129 1956 superesse
1169 1901 1254 1944 illis
1295 1901 1424 1944 adhue
1463 1901 1509 1943 iu
1550 1901 1833 1943 resurrectione
1858 1912 1899 1942 25
1963 1911 1969 1941 ἱ

259 1970 487 2022 praemium
518 1969 632 2023 requi
663 1967 860 2010 caelorum
892 1982 1132 2022 quamquam
1165 1968 1358 2010 sententia
1391 1965 1463 2009 illa
1494 1964 1737 2020 principalis
1769 1965 1832 2007 ob-

259 2035 388 2081 sistat,
433 2034 530 2088 quia
570 2034 670 2088 qui
700 2047 813 2076 riou
845 2038 1096 2076 renatus
1128 2033 1323 2086 suerit
1355 2045 1419 2074 ez
1450 2045 1599 2086 aqua
1630 2035 1679 2073 et
1709 2031 1832 2085 spi-

259 2100 387 2142 ritu
418 2104 641 2150 sancto,
675 2113 775 2141 riou
808 2098 1077 2141 intrabit
1109 2099 1163 2141 in
1193 2110 1433 2153 requam
1465 2097 1830 2146 caelorum—‚

354 2301 374 2335 6
390 2299 488 2335 Vinc.
504 2300 637 2341 Victum
652 2301 695 2336 ci.
716 2300 753 2335 ΙΙ
770 2301 882 2336 Mach.
907 2301 960 2342 12,
975 2300 1108 2335 39—46
1213 2299 1257 2334 23
1271 2298 1369 2333 Vinc.
1388 2297 1510 2333 Victor
1606 2297 1648 2332 27
1669 2295 1742 2331 Ioh.
1760 2297 1792 2338 3,
1806 2297 1828 2331 5

354 2426 374 2460 2
389 2424 458 2459 ista
470 2425 488 2459 b
550 2427 570 2460 4
587 2428 823 2461 recensentem
836 2425 864 2459 C
925 2427 996 2470 qua
1012 2424 1186 2460 BCGle
1245 2433 1285 2458 ac
1302 2422 1423 2458 dolent
1437 2422 1492 2467 (in
1507 2432 1571 2468 my.
1586 2421 1630 2456 al.
1645 2420 1799 2463 dolente)
1811 2420 1830 2455 b

262 2483 284 2518 5
301 2484 521 2530 correptione
544 2485 573 2519 A
592 2485 633 2529 (s.
652 2496 676 2531 p
703 2484 781 2519 add.
809 2485 842 2528 c)
863 2483 1078 2520 correctione
1100 2483 1139 2525 C,
1161 2482 1230 2518 bin
1248 2493 1311 2528 ηις.
1335 2480 1554 2528 correptione
1578 2479 1828 2522 Rabirium»

263 2545 285 2579 6
302 2544 597 2579 macchabeorum
607 2545 641 2580 A
705 2544 726 2579 9
742 2543 892 2578 inicium
902 2542 934 2578 E
993 2542 1179 2579 consilium
1197 2541 1301 2577 fuisse
1314 2540 1480 2577 BCFde
1540 2541 1584 2576 10
1598 2539 1711 2576 uetito
1723 2550 1788 2576 om.
1798 2539 1828 2574 F

269 2603 525 2639 obstrixeratA
542 2604 573 2649 (s
591 2614 616 2638 s.
629 2603 715 2648 1.),G
780 2602 844 2649 ita]
862 2603 930 2638 ista
947 2601 1066 2638 BGFG
1126 2602 1220 2638 istud
1232 2601 1287 2636 Ea
1347 2601 1387 2636 11
1401 2598 1573 2646 *egeritD
1636 2600 1678 2635 12
1700 2609 1784 2634 num
1796 2599 1829 2634 A

270 2663 309 2698 15
334 2663 548 2709 posteriorA
641 2664 683 2698 17
702 2662 828 2708 quidE
912 2661 1112 2697 debueritF
1188 2661 1231 2695 20
1251 2659 1404 2696 beatisc
1476 2659 1516 2695 21
1537 2658 1595 2694 dei
1609 2669 1673 2694 om.
1687 2657 1830 2694 BCFGd

266 2722 309 2758 23
327 2722 515 2758 adiuncxit
528 2723 559 2758 A
655 2721 733 2769 aut]
751 2725 790 2757 at
801 2720 834 2758 Ε
928 2721 970 2756 24
985 2720 1042 2756 uel
1054 2732 1118 2756 om.
1131 2721 1163 2755 A
1258 2718 1436 2755 conlatam
1448 2718 1482 2753 D
1557 2718 1600 2754 25
1615 2717 1714 2763 nm]
1729 2717 1827 2752 iamb

266 2780 302 2816 in
319 2783 420 2818 om.G
470 2781 670 2818 resuccione
681 2782 713 2816 A
759 2781 800 2818 26
811 2779 1029 2827 quequunE
1075 2781 1117 2816 27
1130 2779 1193 2826 qui
1205 2789 1268 2814 mn.
1279 2779 1313 2814 A
1359 2776 1491 2813 renatis
1502 2778 1534 2813 A
1581 2777 1704 2813 28non
1717 2787 1782 2813 om.
1794 2777 1829 2812 A
