2028 3204
775 246 863 283 liber
896 247 944 282 IV
974 247 1004 289 5,
1039 247 1137 290 6-6,
1173 249 1191 283 7
1697 239 1780 282 387

201 379 250 418 ut
269 373 466 417 membris
485 372 666 429 eorporis
688 377 895 428 operetur,
917 377 961 415 et
988 372 1022 414 si
1043 372 1105 414 ita
1125 378 1201 423 est,
1225 386 1297 415 cur
1318 386 1466 415 neruos
1489 386 1571 415 non
1593 381 1778 426 moueat,

202 439 281 483 nisi
304 438 420 490 uelit,
442 438 585 495 puLsus
609 444 752 482 autem
775 451 991 488 uenarum,
1016 438 1145 480 etiam
1168 438 1202 480 si
1224 438 1344 488 nolit,
1370 439 1455 481 sine
1476 439 1781 485 intermissione

201 510 313 561 agat,
337 504 388 548 de
415 518 500 561 qua
516 510 635 560 parte
663 503 844 560 corporis
862 503 1008 549 ceteris
1030 504 1267 546 dominetur
1288 504 1398 560 quod
1420 505 1688 560 ἡγεμονικόν
1712 520 1784 548 uo-

204 576 318 623 cant,
338 576 481 614 utrum
503 570 554 614 de
572 570 695 614 corde
712 581 766 613 an
783 570 835 612 de
862 569 1029 612 cerebro
1049 584 1102 612 an
1128 569 1346 625 dispertite
1364 570 1415 613 de
1436 571 1557 614 corde
1576 571 1778 623 motibus,

203 636 254 679 de
277 636 443 679 cerebro
464 636 652 679 sensibus
672 649 725 679 an
745 635 796 678 de
817 634 983 678 cerebro
1003 641 1045 677 et
1064 636 1250 678 sensibus
1269 641 1310 678 et
1323 636 1568 679 uoluntariis
1580 638 1779 689 motibus,

200 702 251 746 de
274 702 395 745 corde
418 708 561 745 autem
584 716 667 744 non
690 701 936 744 uoluntariis
960 715 1162 744 uenarum
1186 701 1386 757 pulsibus,
1411 708 1453 744 et
1485 702 1518 744 si
1540 702 1591 745 de
1615 703 1781 746 cerebro

200 767 271 811 illa
294 768 377 810 duo
402 768 518 818 facit,
543 781 616 810 cur
640 768 795 811 sentiat
819 767 898 810 etsi
922 767 1040 818 nolit,
1065 767 1255 810 membra
1279 782 1375 810 uero
1400 782 1483 810 non
1508 775 1677 811 moueat
1702 768 1781 811 nisi

200 833 333 877 uelit?
377 847 472 877 cum
499 833 624 889 igitur
651 833 753 876 haee
780 834 821 876 in
849 846 1017 889 corpore
1045 833 1123 875 nisi
1153 833 1244 888 ipsa
1270 848 1351 876 non
1380 833 1521 885 faciat,
1550 847 1622 876 cur
1650 834 1782 877 nescit

201 899 313 955 quod
333 899 434 942 facit
453 899 521 942 uel
539 899 648 942 unde
668 898 801 941 facit?
836 912 912 942 nec
932 899 968 942 ei
988 904 1109 955 turpe
1129 905 1193 941 est
1212 899 1294 941 ista
1314 902 1421 954 quod
1446 899 1578 942 nescit
1597 906 1640 942 et
1660 906 1781 955 turpe

201 979 288 1011 esse
313 965 542 1016 existimas,
569 965 602 1007 si
627 965 785 1010 nesciat
810 965 920 1007 unde
945 964 1013 1008 uel
1038 965 1246 1021 quomodo
1272 965 1387 1007 facta
1411 965 1478 1015 sit,
1505 979 1601 1008 cum
1625 980 1666 1008 se
1693 967 1784 1021 ipsa

200 1045 282 1074 non
306 1030 481 1074 fecerit?
507 1044 559 1073 an
585 1031 684 1088 quia
718 1030 907 1074 nonnulli
940 1031 1090 1081 sciunt,
1126 1031 1334 1086 quomodo
1359 1031 1461 1073 haec
1484 1037 1527 1073 et
1551 1032 1659 1074 unde
1684 1037 1783 1087 agat

199 1097 240 1140 in
259 1110 441 1152 corpore,
461 1097 553 1140 ideo
572 1097 625 1139 ad
644 1096 715 1139 illa
731 1097 882 1141 altiora
899 1102 1027 1151 atque
1045 1097 1218 1139 fortiora
1236 1097 1277 1139 id
1296 1098 1501 1152 pertinere
1520 1111 1602 1140 non
1623 1097 1779 1153 putas?

306 1175 378 1217 VI.
398 1175 434 1217 7.
455 1175 511 1217 At
528 1189 602 1229 ego
620 1175 715 1217 hinc
733 1174 810 1216 tibi
826 1174 1027 1217 maiorem
1043 1189 1192 1217 moueo
1211 1175 1510 1229 quaestionem,
1530 1188 1601 1217 eur
1620 1175 1780 1230 paucis-

199 1240 292 1283 simi
313 1240 506 1283 nouerint
529 1241 638 1283 unde
662 1245 803 1296 agant,
828 1241 939 1295 quod
962 1254 1103 1283 omnes
1127 1246 1271 1295 agunt.
1317 1241 1492 1283 fortasse
1515 1241 1700 1283 dicturus
1724 1255 1780 1292 es,

201 1306 299 1361 quia
321 1305 379 1348 illi
402 1306 637 1350 didicerunt
659 1312 794 1349 artem
817 1306 1099 1348 anatomicam
1122 1306 1189 1348 uel
1210 1306 1463 1361 empiricam,
1489 1320 1591 1362 quas
1613 1306 1781 1349 medici-

198 1371 302 1414 nalis
329 1372 516 1414 continet
542 1371 773 1427 disciplina.
802 1385 928 1427 quam
956 1372 1077 1427 pauci
1103 1379 1396 1428 assequuntur,
1424 1372 1549 1415 ceteri
1576 1387 1672 1415 uero
1701 1373 1783 1415 ista

199 1437 354 1481 discere
375 1438 612 1487 noluerunt,
637 1451 733 1480 eum
755 1437 1003 1493 potuissent,
1028 1438 1061 1479 si
1084 1438 1229 1493 utiqut¹
1254 1437 1494 1483 uoluissent.
1534 1438 1606 1481 ubi
1629 1438 1780 1481 omitto

199 1503 346 1554 dicere,
369 1516 440 1545 cur
459 1503 583 1545 multi
603 1508 804 1546 conentur
823 1503 978 1546 discere
1000 1503 1082 1546 ista
1101 1517 1176 1546 nec
1196 1504 1369 1559 possint,
1393 1505 1491 1559 quia
1511 1505 1644 1553 tardo,
1669 1504 1780 1559 quod

197 1568 381 1612 multum
408 1569 561 1612 mirum
591 1575 667 1619 est,
699 1569 969 1624 inpediuntur
999 1570 1160 1625 ingenio
1191 1583 1239 1612 ea
1268 1569 1423 1612 discere
1454 1570 1507 1611 ab
1536 1569 1640 1615 aliis.
1674 1584 1779 1625 quae

199 1641 381 1690 aguntur
397 1634 450 1676 ab
466 1634 528 1677 eis
540 1635 637 1690 ipsis
654 1641 694 1677 et
713 1635 752 1677 in
770 1634 826 1677 eis
844 1635 955 1690 ipsis.
988 1635 1058 1677 sed
1074 1635 1177 1678 haec
1193 1636 1282 1691 ipsa
1297 1640 1360 1678 est
1375 1635 1561 1678 maxima
1577 1636 1780 1691 quaestio,

200 1711 271 1742 cur
291 1706 380 1743 arte
401 1714 483 1743 non
503 1700 605 1743 mihi
626 1714 728 1756 opus
750 1701 818 1750 sit,
841 1708 889 1743 ut
914 1715 1000 1743 esse
1022 1701 1062 1743 in
1084 1701 1195 1744 caelo
1217 1701 1344 1744 sciam
1365 1701 1491 1747 solem
1513 1707 1555 1743 et
1576 1701 1718 1744 lunam
1739 1707 1782 1743 et

199 1765 280 1808 alia
296 1766 443 1816 sidera,
464 1771 506 1809 et
531 1772 620 1809 arte
643 1766 745 1809 mihi
771 1780 873 1822 opus
899 1766 966 1817 sit,
994 1772 1041 1809 ut
1066 1767 1193 1811 sciam
1219 1767 1387 1822 quando
1412 1767 1591 1821 digitum
1616 1782 1779 1819 moueo,

198 1831 308 1874 unde
335 1832 544 1887 incipiam,
573 1846 598 1874 a
625 1832 744 1874 eorde
773 1846 825 1874 an
852 1846 877 1874 a
903 1832 1069 1875 cerebro
1097 1847 1149 1875 an
1177 1833 1230 1875 ab
1258 1838 1436 1889 utroque
1464 1847 1516 1875 an
1545 1840 1706 1883 neutro,
1735 1838 1778 1875 et

197 1897 366 1940 doctore
393 1911 476 1940 non
503 1911 658 1952 egeam,
688 1903 736 1940 ut
763 1898 892 1940 sciam
920 1898 1020 1953 quid
1049 1898 1103 1940 sit
1131 1904 1220 1941 tam
1247 1898 1366 1954 longe
1394 1898 1518 1941 altius
1547 1913 1669 1954 super
1696 1913 1776 1950 me,

200 1962 254 2005 ab
281 1962 360 2005 alio
388 1968 530 2005 autem
555 1963 721 2006 homine
748 1963 903 2006 discere
930 1969 1181 2019 exspectem,
1210 1965 1319 2007 unde
1346 1971 1495 2021 aga-tur
1522 1979 1546 2006 a
1571 1979 1636 2007 me
1665 1964 1776 2019 quod

199 2028 337 2083 agitur
355 2029 395 2070 in
412 2042 492 2071 me.
526 2042 624 2071 nam
642 2042 736 2071 eum
754 2029 795 2071 in
813 2029 934 2071 eorde
953 2029 1134 2085 cogitare
1151 2029 1338 2072 dicamur
1357 2036 1397 2072 et
1418 2030 1529 2085 quod
1547 2030 1778 2085 cogitamus

198 2092 311 2135 nullo
336 2092 416 2135 alio
440 2093 607 2136 homine
632 2094 786 2136 sciente
811 2094 1003 2144 sciamuS,
1028 2095 1165 2150 ipsum
1190 2101 1331 2138 tamen
1356 2109 1424 2138 cor
1450 2095 1519 2137 ubi
1546 2095 1778 2150 cogitamus

257 2261 272 2295 1
293 2270 384 2306 quur
398 2258 485 2295 ΒΙΤ
562 2261 582 2295 2
599 2260 740 2295 nollitC
810 2262 830 2296 3
848 2261 1074 2307 egemonicon
1092 2262 1206 2298 coddh
1282 2265 1301 2297 4
1320 2262 1436 2309 corde]
1455 2273 1595 2307 corpore
1613 2262 1641 2295 15
1706 2262 1775 2298 dis-

202 2319 310 2364 pertit
321 2318 390 2354 AB
413 2319 586 2365 dispendit
597 2321 625 2355 C
649 2320 845 2365 dispertitis
856 2321 955 2356 1de
1055 2321 1170 2357 cordis
1181 2322 1212 2357 E
1306 2324 1326 2356 6
1345 2322 1553 2358 cordibusH
1651 2325 1668 2358 ἲ
1689 2334 1778 2368 quur

205 2377 355 2415 BCHm1
375 2380 506 2426 passim
569 2380 591 2415 8
608 2380 695 2415 iacit
710 2380 730 2415 l
795 2381 816 2414 9
834 2382 928 2427 quod
948 2381 1017 2416 ista
1031 2382 1061 2417 T
1131 2382 1172 2417 10
1188 2382 1379 2417 exestimas
1391 2383 1422 2417 A
1492 2384 1527 2417 11
1549 2381 1775 2427 ain—sciunt]

201 2438 320 2474 anima
347 2450 429 2474 uero
455 2439 541 2475 nulli
566 2439 684 2475 sciunt
695 2440 857 2476 ABCIbd
885 2441 941 2476 An
959 2452 1039 2476 uero
1067 2442 1151 2488 quia
1177 2452 1249 2476 non
1275 2441 1360 2477 nulli
1387 2442 1504 2477 sciunt
1521 2442 1550 2476 T
1628 2441 1774 2487 mid-m]

199 2498 212 2534 1
229 2509 269 2533 eo
284 2498 315 2533 Τ
367 2497 489 2534 illasA
551 2498 667 2546 adque
679 2500 711 2534 A
732 2511 772 2535 ac
783 2499 825 2535 bd
878 2500 919 2535 13
936 2500 1022 2536 adC
1075 2500 1209 2537 hintibi
1221 2502 1253 2536 A
1308 2502 1476 2537 maiorem
1495 2500 1596 2536 tibiI
1641 2512 1731 2546 quur
1747 2501 1775 2535 T

206 2558 245 2593 14
262 2557 421 2593 nouerim
434 2557 467 2592 A
540 2559 583 2594 15
598 2557 654 2594 ille
666 2559 699 2594 A
720 2558 779 2594 illa
790 2559 819 2594 C
894 2560 1096 2596 anatomica
1111 2562 1140 2597 G
1214 2561 1429 2606 empuricam
1443 2562 1474 2596 A
1481 2559 1529 2595 Bl
1555 2560 1733 2604 empurica
1746 2559 1774 2594 C

200 2617 412 2662 empericam
424 2618 457 2654 E
512 2618 554 2653 16
571 2619 800 2654 continentA
863 2624 1070 2656 asset-,untur
1079 2620 1175 2657 CDE
1238 2622 1279 2656 17
1297 2620 1575 2666 compotuissent
1589 2619 1621 2653 H
1639 2621 1677 2664 (u
1695 2630 1719 2653 s.
1738 2622 1772 2663 9)

201 2676 246 2712 18
261 2676 423 2714 culmulti
435 2678 466 2714 Τ
542 2677 611 2714 ista
627 2678 786 2715 discerel
869 2679 984 2716 dicere
996 2680 1028 2715 A
1113 2680 1157 2717 19
1174 2679 1287 2715 multo
1298 2681 1331 2715 A
1422 2681 1464 2715 2⁰
1483 2678 1641 2713 maxima
1657 2683 1711 2712 est
1722 2678 1773 2713 ΕΙ

201 2735 341 2782 quaesti
359 2737 395 2772 A
493 2737 534 2774 21
555 2738 723 2774 curareH
739 2740 770 2783 (t
787 2748 813 2774 8.
832 2739 897 2783 tin.
917 2740 947 2784 r)
1054 2739 1143 2775 mihi
1160 2751 1231 2775 non
1252 2739 1284 2774 Ε
1382 2738 1486 2774 solem
1506 2738 1615 2773 sciam
1640 2736 1774 2772 BCITb

200 2795 244 2831 22
259 2794 419 2833 sciantA
494 2807 621 2834 mouea
634 2796 666 2832 B
735 2798 778 2834 23
794 2799 887 2835 unde
904 2798 942 2835 id
956 2798 1126 2845 incipiam
1138 2799 1207 2834 ΕΗ
1267 2810 1287 2833 a
1305 2799 1363 2834 alt.
1382 2798 1485 2833 om.H
1545 2809 1590 2832 an
1609 2801 1733 2832 aeutro
1745 2796 1775 2831 0

200 2865 247 2891 an
264 2866 285 2890 a
302 2855 518 2893 neutrpod
583 2858 625 2894 24
641 2857 820 2894 doctorem
831 2858 903 2894 DH
970 2858 1013 2894 25
1030 2870 1051 2894 a
1068 2868 1094 2894 3.
1115 2869 1190 2904 erp.
1210 2857 1246 2893 in
1266 2858 1285 2893 l
1302 2857 1338 2892 in
1362 2858 1391 2892 T
1456 2858 1497 2892 27
1515 2856 1693 2892 scimusH

1646 2927 1710 2962 25.
