2028 3204
113 980 151 1013 10

109 1967 151 2016 2⁵.

754 257 831 293 cap.
867 248 922 289 25.
959 246 1106 288 28—27‚
1140 247 1180 282 31
1677 234 1756 276 255

179 373 422 430 spiritaliter
453 380 575 416 sanat
607 386 774 429 aegrum
808 372 871 415 uel
905 371 1093 415 uiuifieat
1128 378 1354 419 mortuum,
1394 371 1431 413 id
1466 377 1527 413 est
1564 370 1764 414 iustificat

181 439 354 496 inpium,
375 445 416 482 et
436 453 529 481 eum
550 439 603 481 ad
624 438 851 494 perfectam
871 437 1109 486 sanitatem,
1131 438 1207 479 hoo
1227 444 1287 479 est
1309 438 1361 479 ad
1383 437 1611 492 perfectam
1631 436 1764 480 uitam

180 505 481 560 iustitiamque,
502 504 756 560 perduxerit,
776 518 856 547 non
874 503 1040 553 deserit,
1060 503 1092 545 si
1111 518 1191 546 nou
1209 504 1435 549 deseratur,
1456 509 1501 545 ut
1521 502 1585 558 pie
1603 517 1765 559 semper

182 572 369 627 iusteque
390 571 572 613 uiuatur.
611 570 718 613 sicut
739 570 848 612 enim
869 570 1010 612 oculus
1031 569 1212 625 corporis
1234 569 1362 611 etiam
1384 569 1618 624 plenissime
1639 584 1763 612 sanus

181 637 260 680 nisi
284 637 462 680 candore
490 636 589 679 lueis
615 636 783 679 adiutus
810 650 890 678 non
920 641 1058 690 potest
1084 649 1260 684 eernere,
1288 635 1345 677 sio
1371 636 1494 677 homo
1521 635 1648 677 etiam
1676 649 1765 690 per-

180 702 402 746 fectissime
447 702 712 751 iustificatos,
757 701 834 744 nisi
876 708 1046 744 aeterna
1089 702 1177 744 luee
1222 701 1405 743 iustitiae
1448 701 1649 743 diuinitus
1692 702 1765 743 ad-

181 769 358 815 iuuetur,
377 775 487 811 reete
505 782 586 811 non
604 774 743 824 potest
762 768 913 810 uiuere.
947 773 1068 810 sanat
1085 781 1179 821 ergo
1196 768 1296 809 deus
1315 781 1395 809 non
1413 767 1546 809 solum
1565 774 1607 809 ut
1626 767 1764 809 deleat

181 836 290 890 quod
322 834 597 890 peccauimus,
628 834 699 876 sed
731 840 775 876 ut
806 839 989 890 praestet
1021 833 1150 876 etiam
1179 848 1229 875 ue
1262 847 1489 888 peccemus

224 956 227 958 Δ
287 900 469 944 XXVII.
499 901 563 943 30.
594 900 726 942 Aeuto
745 914 842 942 sane
862 905 1017 942 tractat
1046 906 1086 942 et
1117 906 1253 942 uersat
1280 905 1335 949 et,
1362 906 1570 954 quantum
1598 899 1675 940 sibi
1706 899 1765 941 ui-

179 967 313 1017 detur,
339 966 550 1021 redarguit
571 971 699 1022 atque
719 965 930 1008 conuineit
950 966 1060 1020 quod
1079 965 1135 1007 eis
1153 965 1306 1008 dieitur
1328 965 1467 1007 ‘etiam
1486 965 1763 1007 necessarium

180 1032 304 1075 fuisse
334 1032 493 1075 homini
522 1033 573 1074 ad
605 1032 875 1074 auferendam
899 1031 1115 1087 superbiae
1148 1032 1211 1073 uel
1228 1031 1380 1086 gloriae
1412 1031 1684 1081 occasionem,
1718 1038 1762 1073 ut

179 1099 336 1154 absque
363 1103 533 1154 peeeato
560 1112 646 1140 esse
672 1112 752 1140 non
781 1104 933 1152 posset.
976 1097 1320 1139 absurdissimum
1347 1097 1501 1152 quippe
1527 1104 1567 1139 et
1605 1097 1764 1139 stultis-

179 1164 345 1207 simum⁴
385 1170 507 1219 putat
548 1165 779 1219 ‘peceatum
818 1163 942 1206 fuisse
981 1178 1030 1206 ne
1068 1169 1286 1219 peecatum
1325 1170 1446 1209 esset,
1487 1163 1685 1218 quoniam
1722 1171 1763 1205 et

180 1230 267 1286 ipsa
300 1230 494 1285 superbia
522 1229 667 1285 utique
695 1236 913 1285 peecatum
942 1232 1039 1278 est}
1069 1229 1187 1284 quasi
1217 1243 1296 1271 non
1326 1236 1365 1271 et
1412 1230 1525 1271 uleus
1556 1229 1594 1271 in
1623 1229 1763 1272 dolore

183 1303 245 1338 est
280 1303 322 1338 et
356 1296 483 1338 sectio
518 1296 703 1338 dolorem
737 1301 945 1350 operatur,
982 1302 1026 1337 ut
1062 1296 1179 1337 dolor
1212 1296 1351 1337 dolore
1388 1296 1571 1337 tollatur.
1619 1296 1695 1337 hoc
1729 1294 1763 1336 si

179 1362 341 1417 experti
366 1376 447 1404 non
474 1376 654 1404 essemus
680 1367 721 1403 et
749 1361 787 1403 in
814 1361 1022 1416 aliquibus
1049 1361 1181 1408 torris,
1210 1361 1280 1403 ubi
1307 1361 1385 1403 ista
1412 1375 1643 1416 numquam
1668 1375 1764 1403 eon-

181 1428 373 1484 tigerant,
407 1427 657 1477 audiremus,
691 1427 777 1469 siue
809 1427 936 1469 dubio
970 1427 1114 1482 utique
1146 1427 1380 1469 derident‹s
1416 1427 1602 1469 fortassis
1635 1427 1764 1469 etiam

182 1493 316 1536 uerbis
344 1493 465 1536 huius
495 1499 705 1536 uteremur
737 1499 776 1535 et
816 1493 1064 1535 diceremus:
1108 1493 1461 1535 ‘absurdissimum
1490 1500 1551 1535 est
1580 1493 1765 1535 dolorem

179 1559 454 1602 necessarium
484 1559 621 1606 fuisse,
654 1574 703 1601 ne
735 1558 879 1601 ulceris
909 1559 1026 1601 dolor
1055 1566 1192 1601 esset:

285 1626 348 1668 31.
379 1625 457 1667 Sed
483 1625 591 1675 deus,
622 1624 831 1680 inquiunt,
863 1629 985 1678 potest
1014 1625 1151 1666 onznia
1177 1639 1334 1667 sanare.
1382 1626 1458 1667 hoc
1488 1624 1632 1679 utique
1662 1624 1761 1680 agit,

181 1698 225 1733 ut
255 1696 374 1733 sanet
404 1690 554 1741 omnia,
586 1691 656 1733 sed
687 1690 773 1746 agit
803 1690 954 1733 iudicio
984 1705 1057 1733 suo
1087 1705 1160 1732 nee
1191 1690 1377 1733 ordinem
1406 1691 1582 1733 sanandi
1611 1690 1763 1746 accipit

179 1757 232 1798 ab
263 1763 444 1811 aegroto.
493 1757 635 1812 procul
665 1756 792 1799 dubio
824 1756 978 1812 quippe
1011 1756 1294 1799 firmissimum
1325 1757 1563 1812 apostolum
1595 1757 1764 1798 uolebat

179 1822 356 1874 efficere,
397 1822 463 1865 cui
501 1830 641 1864 tamen
681 1822 800 1864 dicit:
848 1837 873 1864 u
893 1822 904 1863 i
921 1836 940 1864 r
958 1828 975 1864 t
994 1837 1018 1864 u
1037 1837 1054 1864 s
1102 1822 1113 1863 i
1131 1837 1155 1864 n
1204 1822 1255 1864 in
1277 1822 1357 1864 fir
1375 1822 1559 1865 mitat
1577 1838 1597 1865 e
1645 1837 1669 1877 p
1687 1837 1708 1865 e
1726 1836 1763 1864 r-

182 1887 409 1930 ficitur
441 1895 482 1930 et
515 1903 595 1930 non
629 1887 665 1930 ei
698 1887 850 1930 totiens
883 1888 1020 1931 oranti
1051 1888 1188 1930 aufert
1220 1888 1355 1930 nescio
1390 1902 1512 1943 quem
1545 1888 1763 1930 stimulum

179 1953 326 2004 carnis,
348 1967 470 2009 quem
497 1953 575 1996 sibi
600 1953 700 1996 dicit
721 1955 883 2004 datum,
910 1968 960 1996 ne
988 1953 1028 1996 in
1057 1968 1111 1997 ιη(
1127 1953 1342 1996 ‹rnitudine
1364 1954 1668 1996 reuelationum
1695 1968 1763 1995 ex-

180 2020 405 2062 tolleretur.
427 2026 563 2062 eetera
581 2019 690 2062 enim
710 2019 813 2062 uitia
830 2025 999 2062 tantum
1018 2019 1056 2061 in
1076 2020 1182 2062 male
1202 2019 1321 2062 factis
1341 2020 1495 2067 ualent,
1515 2021 1602 2062 sola
1620 2026 1762 2062 autem

179 2085 369 2140 superbia
397 2085 524 2127 etiam
550 2086 590 2127 in
617 2091 728 2127 recte
755 2085 876 2127 factis
902 2086 1089 2128 cauenda
1115 2092 1189 2127 est.
1235 2086 1342 2128 unde
1369 2092 1663 2128 ammonentur
1689 2086 1760 2130 illi.

182 2165 230 2193 ne
259 2151 369 2193 dona
407 2151 473 2193 dei
518 2165 616 2193 suae
646 2151 846 2206 potestati
877 2151 1097 2194 tribuendo
1127 2165 1296 2206 seseque
1325 2152 1563 2194 extollendo
1591 2152 1759 2205 grauius

275 2295 290 2329 1
323 2294 366 2330 cf.
399 2294 500 2329 Rom.
531 2296 563 2334 4,
589 2296 610 2329 5
737 2294 787 2330 10.
810 2294 852 2329 20
882 2293 1042 2341 Pelagius
1167 2295 1210 2330 23
1242 2293 1276 2329 ΙΙ
1304 2296 1379 2331 Cor.
1414 2296 1470 2336 12,
1503 2295 1524 2329 9
1643 2296 1686 2330 24
1712 2299 1757 2331 et.

188 2354 222 2388 ΙΙ
250 2355 325 2389 Cor.
357 2356 413 2394 12.
437 2355 469 2390 8.
488 2356 506 2390 7
627 2354 669 2389 26
697 2354 741 2389 cf.
762 2353 921 2400 Prosper-i
944 2352 1116 2400 Aquitani
1137 2359 1227 2390 sent.
1249 2365 1294 2388 ex
1313 2355 1401 2400 Aug.
1419 2354 1524 2391 delib.
1543 2355 1606 2401 (LI
1625 2356 1690 2390 434
1708 2354 1760 2399 M)

227 2450 248 2484 5
261 2454 299 2486 et
313 2449 417 2485 homo
433 2448 618 2486 DRBCEd
675 2450 785 2485 etiam
801 2449 1036 2486 s.1.Vm213m1
1098 2451 1120 2485 6
1135 2453 1298 2494 aeternae
1310 2449 1341 2484 V
1363 2453 1505 2496 aeterne
1523 2450 1555 2484 B
1621 2450 1720 2485 luoce
1732 2451 1762 2485 R

183 2508 285 2544 lucae
296 2508 326 2543 V
383 2509 405 2545 8
421 2508 545 2555 etiam]
558 2509 630 2546 iam
642 2508 892 2551 Dm1PB,Vin
903 2521 968 2556 my.
1018 2509 1118 2545 netR
1130 2502 1154 2544 ἦ
1171 2509 1202 2544 Β
1249 2511 1270 2545 9
1283 2513 1386 2554 sanet
1399 2510 1430 2545 Ε
1480 2512 1523 2546 10
1538 2510 1721 2555 coniungit
1731 2511 1759 2543 (¹

184 2567 233 2604 eis
246 2579 288 2604 ea:
301 2569 346 2604 de
361 2568 413 2604 his
423 2568 456 2604 R
528 2571 565 2606 11
585 2569 804 2605 offerendam
818 2568 848 2604 V
929 2571 1175 2614 occansionem
1186 2570 1215 2604 C'
1307 2572 1351 2606 12
1367 2570 1657 2606 absurdissimum
1670 2570 1756 2605 Vm]

184 2629 226 2664 13
238 2629 376 2675 peccati
390 2629 476 2665 Vm]
544 2632 624 2665 ante
635 2639 681 2665 ne
694 2640 770 2674 exp.
786 2629 815 2664 si
829 2630 858 2665 0
872 2640 936 2665 nec
950 2629 980 2664 B
1067 2632 1106 2666 14
1122 2629 1287 2676 superbia
1305 2634 1382 2676 (per
1394 2631 1522 2674 s.l.m:2)
1534 2631 1561 2666 L
1630 2632 1670 2665 16
1684 2633 1758 2674 pos!

184 2698 254 2724 non
278 2699 362 2725 eras.
390 2699 425 2724 es
438 2688 471 2724 R
574 2690 616 2725 15
641 2688 837 2735 uteremur]
859 2688 1040 2725 titiremur
1051 2689 1084 2724 B
1195 2690 1240 2725 20
1265 2690 1318 2727 ait
1339 2691 1379 2735 (a
1390 2701 1417 2725 s.
1430 2690 1470 2732 l.)
1480 2690 1511 2725 Ε
1603 2691 1641 2725 21
1662 2689 1716 2725 ait
1727 2690 1759 2724 Ε

186 2749 233 2784 22
245 2747 556 2795 procul—efficere
566 2749 606 2785 in
614 2748 770 2796 mq.Rm1
817 2748 961 2785 firmum
970 2750 999 2785 L
1011 2749 1252 2785 firmissimum
1264 2749 1375 2795 (missi
1386 2750 1456 2791 s.l.)
1467 2749 1499 2784 D
1558 2750 1601 2786 23
1614 2748 1708 2786 dixit
1717 2750 1759 2784 bd

183 2807 221 2843 in
232 2807 386 2844 om.Cm1
457 2810 500 2845 24
518 2808 566 2844 ets
580 2807 612 2843 B
684 2809 792 2844 toties
807 2807 868 2845 BC
939 2808 1058 2846 oranti
1072 2810 1104 2855 (t
1116 2810 1170 2845 m1
1188 2810 1280 2855 επεὶ)
1292 2809 1324 2844 R
1390 2810 1432 2845 25
1446 2809 1552 2844 ne*D
1618 2808 1652 2844 in
1669 2809 1760 2844 omd

184 2866 379 2905 extolletur
387 2868 470 2904 le
547 2870 591 2904 27
605 2869 770 2915 superbia
784 2869 862 2916 (per
873 2869 1002 2912 s.l.m2)
1013 2870 1040 2905 L
1107 2869 1214 2904 etiam
1229 2868 1385 2905 om.le
