2028 3204
211 418 458 454 accommodo:
492 428 534 452 ne
567 427 667 451 aures
699 416 966 451 accommodent

211 723 395 752 accusator
431 715 443 751 l
477 717 530 756 22,
563 716 594 750 7.
627 716 681 757 79,
717 717 767 750 14.
801 715 877 756 425,
913 716 965 750 19.

213 1016 383 1050 acerrima
404 1015 599 1050 intentione
621 1014 792 1049 suadebat
819 1013 832 1048 Ι
856 1015 887 1054 9,
911 1014 964 1048 22.

616 175 683 212 ΙΙΙ.
718 175 828 213 Index
861 177 1048 212 uerborum
1080 181 1116 212 et
1148 175 1386 211 elocutionum

259 299 334 341 177,
353 299 384 333 5.
405 298 450 332 ad
470 298 534 332 hoc
553 296 745 343 accipiunt,
764 300 802 332 ut
826 296 839 331 Ι
859 298 913 338 94,
933 299 963 331 8.
1001 342 1003 355 Ι

255 369 323 394 acc.
349 361 378 393 el
403 358 467 401 inl.
496 357 509 392 l
534 357 611 398 517,
639 357 690 392 17.

258 477 400 513 ueritati
424 476 436 511 1
457 477 534 517 517,
559 478 610 516 13,
630 477 673 519 cs.
699 475 711 510 1
733 477 809 517 227,
833 477 862 511 1.
896 486 966 510 non

257 537 449 583 explendae
474 536 612 571 libidini
637 535 923 571 accommodatus
951 535 965 570 I

257 598 312 638 56,
337 599 368 632 3.

211 656 445 693 accusationis
467 655 606 702 querela
633 655 667 690 ΙΙ
693 656 766 696 164,
791 656 821 690 9.

257 778 334 817 524,
361 777 414 811 25.

212 848 354 872 accuso:
387 846 492 882 quam
526 835 792 870 fornicationem
824 838 966 869 sanctus
1002 871 1003 875 ,

259 896 314 931 ille
356 895 510 941 psalmus
551 900 693 929 accusat
738 894 772 929 ΙΙ
815 895 890 935 216,
939 905 964 928 c.
1002 914 1003 921 1

260 956 402 1001 nuptias
430 955 443 990 Ι
468 956 545 996 546,
571 956 624 990 22.
649 955 727 995 561,
755 955 805 990 13.
1000 956 1003 1019 i

213 1075 405 1110 aceruatim
434 1074 545 1109 multa
573 1085 755 1120 congerere
786 1072 801 1107 1
828 1074 882 1115 37,
913 1074 964 1108 12.
1001 1095 1003 1104 ·

260 1135 372 1169 multa
397 1138 603 1180 congestans
631 1133 644 1168 1
669 1134 724 1175 55,
752 1134 803 1168 13.

213 1195 309 1230 actio
326 1195 518 1239 gratiarum
540 1194 553 1228 1
574 1195 648 1234 127,
669 1194 966 1237 1115020115,
1002 1179 1004 1205 ²

261 1254 314 1290 20.
333 1256 410 1295 490,
427 1257 458 1289 8.
486 1254 598 1289 bonae
624 1253 781 1288 actiones
803 1252 817 1287 Ι
836 1253 911 1294 297,
935 1254 966 1287 6.
1003 1260 1005 1276 ¹

261 1315 391 1349 bonum
409 1314 557 1348 actionis
576 1313 682 1355 1469,
700 1315 734 1354 1;
750 1313 793 1356 cs.
813 1312 919 1354 1559,
936 1313 966 1347 5.
1004 1297 1006 1345 ἰ

264 1374 297 1409 11
325 1375 398 1414 127,
426 1376 475 1409 11.
504 1375 553 1408 13.
580 1374 631 1408 17.
657 1374 710 1408 20.
735 1374 788 1408 22.
815 1374 890 1414 128,
917 1374 967 1408 13.
1004 1350 1006 1432 1

264 1436 338 1475 129,
363 1436 384 1469 3
408 1436 464 1468 cel.
1004 1439 1006 1494 ἰ

215 1499 331 1529 actus:
349 1504 528 1539 perperam
546 1493 630 1527 facti
645 1498 746 1526 actus
760 1491 970 1537 exprimitur
1004 1500 1007 1526 1

266 1553 277 1588 l
293 1555 369 1594 246,
386 1555 426 1588 16
471 1578 477 1580 -
499 1554 574 1594 247,
589 1554 620 1587 4.
635 1554 666 1587 6.
681 1557 782 1586 aetus
796 1551 969 1597 malignus

266 1613 278 1647 1
298 1615 374 1653 291,
396 1615 446 1648 11.
466 1617 566 1647 actus
584 1618 618 1647 et
637 1617 765 1646 euenta
787 1611 800 1646 Ι
818 1612 894 1652 472,
915 1613 968 1646 20.
1005 1617 1007 1644 !

261 1673 400 1707 actibus
422 1672 569 1718 publicis
590 1672 790 1717 eisdemque
812 1671 970 1705 militari-
1005 1698 1007 1710 .

263 1733 327 1767 bus
363 1737 555 1778 occupatus
595 1731 627 1766 11
665 1733 742 1772 213,
781 1732 832 1766 15.
870 1736 970 1765 actus
1006 1736 1007 1740 ’

264 1792 472 1838 reipublicae
498 1791 532 1826 ΙΙ
556 1792 632 1833 253,
655 1793 687 1826 3.
711 1791 850 1826 actibus
873 1790 971 1825 iusti·
1006 1796 1007 1806 ¹

263 1852 334 1886 tiae
365 1852 376 1886 1
404 1853 458 1892 93,
486 1853 539 1887 22.
566 1851 722 1897 gignitur
747 1854 865 1885 autem
894 1861 970 1896 pec-

264 1916 361 1946 cator
382 1916 464 1945 actu
485 1911 599 1945 adhuc
622 1910 736 1945 nullus
761 1910 794 1944 ΙΙ
817 1911 894 1951 234,
918 1912 968 1945 18.

264 1971 349 2016 quid
373 1976 426 2005 est
448 1974 643 2016 peccatum,
667 1975 767 2004 actus
790 1980 834 2004 an
859 1981 911 2004 res
937 1969 971 2003 11
1006 1996 1008 2019 ζ

264 2032 378 2072 5,12.
411 2032 461 2065 111.
493 2031 543 2065 17.
575 2032 626 2065 18.
658 2031 708 2065 111.
737 2031 770 2071 6,
799 2031 835 2070 2;
863 2030 906 2072 cs.
938 2028 971 2063 11
1006 2021 1008 2077 g

266 2091 319 2131 29,
345 2091 375 2125 7.
404 2092 478 2130 104,
504 2090 535 2125 5.
564 2090 638 2130 116,
664 2091 694 2124 9.
724 2090 764 2124 16
788 2091 845 2123 cel.
1006 2114 1009 2124 .

220 2150 360 2185 aculeus
375 2149 498 2184 moitis
516 2149 530 2184 I
547 2150 621 2190 146,
640 2151 690 2184 16.
709 2150 760 2184 18.
777 2150 830 2184 21.
850 2149 923 2190 147,
940 2149 970 2184 2.

265 2210 342 2250 528,
370 2211 385 2244 1
412 2212 469 2244 cet.

220 2269 375 2304 acutule:
399 2279 442 2303 ne
465 2269 653 2303 uideantur
675 2268 706 2303 ei
729 2268 833 2303 nimis
855 2271 973 2309 acuta,

267 2339 356 2375 quae
378 2328 518 2363 acutule
539 2332 667 2363 sonant
693 2327 706 2363 Ι
729 2328 806 2368 256,
829 2329 883 2363 22.

221 2388 267 2423 ad
283 2388 441 2423 homines
456 2388 661 2423 simulatum
682 2387 696 2422 I
712 2388 767 2429 91,
784 2388 838 2422 22.
868 2386 975 2422 habet

268 2448 333 2482 hoe
358 2447 403 2482 ad
429 2447 607 2483 cumulum
634 2447 810 2493 supplicii,
835 2457 905 2481 non
930 2446 975 2481 ad

267 2506 430 2542 meritum
462 2507 607 2553 praemii
632 2506 666 2542 11
694 2508 770 2547 224,
803 2507 834 2542 2.
869 2516 977 2552 parua

269 2571 388 2602 tamen
403 2571 456 2602 est
469 2566 515 2602 ad
530 2566 625 2601 illam
640 2576 804 2612 magnam
823 2565 834 2601 1
851 2566 928 2607 515,
943 2566 975 2601 9.

267 2626 311 2670 cl.
334 2625 349 2661 1
370 2627 445 2668 191,
464 2628 496 2662 4.
516 2626 548 2661 5.
569 2626 661 2661 uidit
679 2625 813 2671 aliquid
831 2625 878 2660 ad
896 2635 976 2660 oon-

269 2685 518 2732 eupiscendum
534 2685 638 2727 1266,
654 2687 705 2721 11.
719 2685 765 2720 ad
777 2695 819 2720 ea
833 2712 841 2720 .
858 2712 866 2720 .
883 2711 892 2720 .
905 2695 976 2720 cer-

270 2745 419 2780 tandum
439 2749 494 2781 est
514 2744 529 2780 1
549 2745 626 2787 266,
648 2746 699 2780 19.
719 2744 912 2790 deputatur
929 2744 976 2779 ad

270 2804 410 2851 culpam
431 2804 447 2840 I
464 2805 543 2847 296,
562 2806 614 2841 13.
635 2804 681 2840 ad
699 2803 878 2840 iustitiam
899 2803 914 2839 1
934 2804 975 2840 18

1711 172 1788 215 621

1085 297 1138 331 22.
1171 307 1259 330 unus
1289 296 1333 330 ad
1365 295 1476 330 uitam
1512 295 1524 330 l
1554 296 1631 335 529,
1666 298 1715 331 16.
1747 297 1791 331 ad

1084 355 1221 400 singula
1251 355 1454 390 testimonia
1481 355 1661 401 disputare
1695 355 1707 390 1
1737 357 1792 397 37,

1088 418 1138 451 11.
1162 416 1399 460 suffragentur
1419 415 1463 449 ad
1486 415 1521 449 id
1547 414 1558 450 Ι
1581 416 1658 455 322,
1682 417 1734 450 21.
1758 428 1793 450 se

1085 475 1130 510 ad
1153 475 1325 509 iustitiam
1350 475 1547 520 exemplum
1570 475 1794 510 imitantibus

1087 535 1249 580 praebuit
1290 534 1303 569 l
1344 537 1394 575 ll,
1437 535 1486 570 15.
1525 535 1712 569 imitantur
1748 536 1793 570 ad

1086 595 1298 640 sequendam
1331 594 1502 629 iustitiam
1540 594 1551 629 1
1588 597 1640 635 11,
1673 596 1703 630 7.
1749 595 1791 629 1111

1086 654 1283 700 exemplum
1298 654 1341 688 de
1355 654 1458 689 beato
1475 654 1613 689 ileliseo
1632 654 1642 688 l
1657 655 1792 695 36:213.

1087 725 1195 760 nsque
1216 714 1260 748 ad
1283 714 1346 748 11111
1368 718 1406 748 ut
1432 714 1444 748 l
1466 715 1542 755 475,
1565 715 1617 749 26.
1639 715 1717 755 518,
1739 716 1793 750 24.

1086 774 1130 808 1111
1149 774 1401 808 documentum
1431 794 1473 798 —
1502 774 1792 819 impedimentum

1094 833 1126 868 ΙΙ
1161 835 1237 874 271,
1263 836 1314 868 14.
1339 834 1414 874 284,
1450 835 1502 869 12.
1526 839 1565 868 ut
1587 834 1631 868 ad
1657 841 1795 880 tempus

1087 898 1225 939 poterat
1249 893 1359 928 uideri
1387 893 1419 928 11
1447 894 1521 934 172,
1547 894 1599 928 25.
1626 894 1720 928 uisus
1743 899 1793 928 est

1086 960 1203 988 tamen
1228 953 1273 987 ad
1299 957 1438 999 tempus
1461 953 1595 999 aliquid
1620 954 1734 988 dicere
1763 953 1794 988 11

1088 1015 1161 1054 183,
1188 1014 1224 1053 2;
1250 1014 1292 1056 11.
1322 1013 1355 1047 ΙΙ
1382 1014 1436 1054 70,
1462 1015 1515 1048 24.

1040 1085 1214 1130 adaequo:
1229 1089 1371 1119 sanctae
1384 1084 1458 1118 illas
1471 1085 1643 1130 (nuptias)
1656 1085 1797 1129 uirgini-

1086 1145 1154 1179 tati
1179 1144 1394 1189 adaequauit
1424 1144 1457 1178 11
1483 1146 1559 1184 268,
1585 1146 1616 1179 8.

1003 1216 1004 1246 1
1042 1204 1242 1250 adapertio:
1270 1204 1448 1238 oculorum
1476 1204 1589 1239 cordis
1615 1205 1797 1250 adapertio

1092 1264 1125 1298 ll
1153 1266 1227 1306 131,
1254 1265 1306 1299 25.

1043 1324 1327 1359 additamentum
1355 1323 1368 1358 Ι
1392 1324 1468 1364 479,
1493 1325 1544 1358 13.
1585 1323 1619 1358 ΙΙ
1646 1326 1718 1365 148,
1743 1325 1796 1359 21.

1044 1384 1131 1419 adeo
1155 1385 1198 1427 cl.
1224 1394 1343 1429 usque.

1043 1443 1248 1479 adfirmatio
1276 1443 1288 1477 I
1315 1444 1391 1484 519,
1420 1446 1470 1478 10.

1043 1515 1210 1550 adfirmo:
1235 1516 1347 1550 fatum
1371 1515 1501 1560 quippe
1524 1515 1584 1560 qui
1606 1515 1797 1549 adfirmant

1092 1575 1106 1609 l
1132 1576 1208 1616 472,
1237 1577 1287 1610 18.

1044 1635 1191 1680 adfligo:
1230 1646 1291 1680 pro
1327 1639 1408 1668 ante
1444 1639 1541 1679 gesta
1578 1634 1651 1668 uita
1689 1635 1800 1679 magis

1089 1695 1248 1729 minusue
1288 1694 1461 1740 corporeis
1501 1694 1659 1739 pestibus
1699 1694 1800 1728 adfli-

1090 1759 1218 1800 gantur
1246 1754 1258 1789 I
1285 1755 1339 1795 29,
1365 1755 1418 1789 20.

1006 1830 1007 1857 ;
1045 1814 1216 1860 adgrauo:
1259 1814 1353 1849 carni
1396 1813 1529 1859 peccati
1571 1813 1797 1859 adgrauanda

1091 1874 1257 1908 miscetur
1285 1873 1299 1907 I
1326 1874 1400 1914 127,
1430 1874 1479 1908 16.

1006 1960 1008 1967 ,
1045 1934 1229 1979 adgressus
1254 1933 1384 1967 bonum
1411 1944 1499 1978 opus
1527 1931 1541 1966 Ι
1567 1933 1643 1972 453,
1673 1933 1722 1967 15.

1045 2004 1314 2039 adhaerebimus
1341 2004 1478 2049 inpares
1505 2004 1569 2038 deo
1600 2003 1614 2038 I
1644 2005 1718 2045 110,
1746 2005 1800 2045 23,

1090 2065 1134 2107 cs.
1158 2066 1231 2105 196,
1255 2066 1283 2099 1.
1308 2063 1342 2098 ΙΙ
1361 2065 1416 2105 61,
1437 2066 1468 2099 3.
1491 2063 1591 2098 uxori
1614 2063 1628 2098 I
1649 2065 1726 2104 430,
1749 2066 1798 2098 10.

1094 2123 1128 2158 ΙΙ
1153 2125 1230 2166 311,
1259 2126 1309 2159 14.

1047 2195 1214 2230 adhibeo:
1253 2195 1369 2230 fatuos
1406 2195 1566 2230 uidemus
1601 2195 1646 2229 ad
1683 2195 1801 2229 corda-

1093 2259 1209 2290 torum
1243 2255 1384 2290 delicias
1417 2254 1575 2289 adhiberi
1612 2254 1626 2289 1
1658 2256 1713 2295 66,
1750 2255 1800 2289 15.

1093 2315 1264 2350 adhibens
1289 2315 1331 2350 de
1357 2315 1451 2349 notis
1477 2314 1578 2349 rebus
1603 2314 1799 2359 exemplum

1098 2374 1112 2409 1
1149 2376 1223 2415 191,
1257 2375 1289 2410 6.
1326 2374 1433 2409 fidem
1468 2374 1687 2414 adhibemus,
1723 2384 1800 2407 cum

1094 2434 1227 2480 aliquid
1254 2434 1426 2469 credimus
1457 2433 1470 2468 Ι
1499 2434 1576 2474 210,
1604 2433 1656 2468 29.
1685 2433 1803 2467 simili-

1096 2494 1255 2529 tudinem
1279 2493 1444 2528 adhibere
1468 2492 1662 2528 calumniae
1689 2491 1703 2527 I
1726 2493 1803 2533 445,

1097 2555 1148 2589 15.
1181 2552 1520 2599 praeuaricatoribus
1549 2563 1754 2587 consensum
1789 2551 1801 2586 l

1095 2614 1172 2654 447,
1198 2614 1251 2649 22.
1277 2614 1354 2654 448,
1379 2614 1411 2648 3.

1049 2684 1235 2720 adhinnio:
1265 2684 1352 2730 quid
1380 2683 1409 2718 si
1437 2688 1473 2718 et
1499 2683 1536 2717 in
1564 2683 1653 2718 hanc
1682 2682 1804 2728 uolup-

1095 2748 1205 2779 tatem
1236 2743 1423 2778 laudabilis
1453 2742 1512 2777 illa
1541 2742 1651 2777 libido
1681 2742 1804 2776 adhin-

1094 2803 1211 2839 niret?
1250 2802 1284 2838 11
1308 2803 1386 2843 317,
1411 2803 1465 2838 23.
