2028 3204
203 264 283 308 462
592 275 630 309 V.
666 275 794 310 Contra
826 274 914 309 duas
943 273 1112 320 epistulas
1145 272 1410 320 Pelagianorum

207 401 222 443 l
240 401 254 442 i
272 401 298 442 b
317 414 337 442 e
356 414 375 442 r
393 400 405 442 i
492 414 512 442 e
531 401 577 443 ri
598 405 616 442 t
634 400 646 442 i
665 413 695 443 s.
774 399 981 442 Manichei
1056 398 1203 441 dicunt
1274 399 1457 441 animam
1527 398 1776 454 particulam

203 466 273 509 dei
322 471 497 509 naturae
541 466 676 508 malae
728 465 1025 508 commixtione
1075 465 1228 507 habere
1282 469 1514 519 peccatum,
1563 464 1776 521 Pelagiani

203 532 351 574 dicunt
379 532 562 573 animam
589 532 743 574 iustam
769 544 851 572 non
878 531 1045 586 quidem
1066 530 1330 585 particulam,
1355 529 1427 572 sed
1449 535 1683 572 creaturam
1709 530 1774 573 dei

206 598 337 639 etiarn
376 597 418 639 in
457 597 540 639 ista
575 596 842 651 corruptibili·
875 596 966 638 uita
1003 609 1086 637 non
1116 595 1269 637 habere
1298 600 1528 650 peccatum.
1569 596 1778 638 catholica

211 668 412 717 utrosque
433 662 647 717 redarguit
670 662 899 704 Manicheis
926 661 1085 704 dicens:
1119 674 1144 702 a
1162 674 1189 703 u
1207 665 1225 702 t
1258 661 1274 702 f
1292 674 1316 702 a
1335 674 1355 703 c
1374 660 1386 702 i
1405 666 1423 702 t
1441 674 1461 702 e
1493 674 1517 702 a
1535 673 1554 702 r
1572 660 1598 702 b
1618 674 1641 702 ο
1660 673 1679 702 r
1697 674 1717 702 e
1734 674 1776 702 m

212 727 425 770 bonam
459 733 509 770 et
542 727 816 770 fructum
849 727 980 769 eius
1010 726 1225 769 bonum
1256 731 1349 768 aut
1386 725 1585 768 facite
1616 725 1778 769 arbo-

207 806 317 835 rem
342 793 536 835 malam
566 798 617 835 et
646 792 885 835 fructum
916 791 1030 834 eius
1058 791 1251 834 malum
1270 817 1321 821 —
1348 791 1458 846 quod
1476 804 1557 833 non
1576 791 1779 833 diceretur

206 859 379 910 homini,
412 859 483 913 qui
514 863 707 900 naturam
738 857 871 900 facere
910 871 991 899 non
1023 862 1177 912 potest,
1211 857 1289 899 nisi
1320 857 1417 911 quia
1448 861 1664 911 peccatum
1696 869 1778 898 non

207 929 372 976 natura,
392 925 462 967 sed
478 924 630 967 uitium
648 928 711 966 est
728 949 791 973 -‚
807 922 1038 978 Pelagianis
1057 923 1214 965 dicens:
1243 922 1285 964 si
1311 922 1402 964 dix
1414 935 1435 964 e
1447 921 1543 964 rim
1555 935 1580 964 u
1594 935 1611 965 s
1638 935 1663 977 q
1681 935 1706 963 ιι
1726 921 1738 963 i
1755 935 1780 964 a

209 995 533 1044 peccatum
565 1003 677 1031 non
721 989 1012 1040 habemus,
1056 1001 1160 1030 nos
1207 987 1377 1042 ipsos
1423 986 1778 1030 seducimus

209 1060 269 1097 et
300 1055 548 1098 ueritas
572 1055 629 1096 in
652 1054 830 1097 nobis
854 1067 967 1096 non
991 1058 1096 1096 est.
1122 1053 1184 1095 his
1209 1052 1778 1095 morbisintcrsecontrariis

210 1120 415 1163 Manichei
427 1120 719 1175 Pelagianique
739 1119 970 1174 confligunt
986 1118 1175 1161 dissimili
1194 1119 1426 1169 uoluntate,
1441 1117 1565 1160 simili
1578 1118 1779 1169 uanitate,

211 1186 392 1240 separati
421 1186 611 1241 opinione
639 1186 813 1236 diuersa,
843 1185 913 1226 sed
940 1184 1160 1239 propinqui
1188 1189 1326 1226 mente
1354 1196 1556 1238 peruersa.

316 1265 353 1306 3.
381 1263 470 1306 Iam
492 1276 590 1306 uero
613 1263 789 1318 gratiam
811 1262 962 1305 Christi
986 1262 1109 1304 simul
1130 1266 1388 1316 oppugnant,
1411 1261 1669 1315 baptismum
1693 1261 1779 1303 eius

211 1329 335 1371 simul
353 1334 573 1379 euacuant‚
586 1341 750 1370 carnem
769 1328 855 1370 eius
874 1328 996 1370 simul
1013 1328 1283 1371 exhonorant.
1299 1327 1369 1369 sed
1388 1326 1516 1368 etiam
1527 1326 1629 1368 haec
1647 1325 1780 1368 modis

208 1396 426 1450 causisque
452 1394 636 1437 diuersis.
664 1407 761 1436 nam
787 1393 991 1435 Manichei
1015 1393 1176 1435 meritis
1200 1397 1374 1434 naturae
1398 1392 1545 1443 bonae,
1571 1391 1781 1446 Pelagiani

216 1466 358 1503 autem
385 1460 545 1503 meritis
572 1459 804 1502 uoluntatis
830 1459 962 1501 bonae
986 1458 1203 1513 perhibent
1230 1457 1430 1500 diuinitus
1458 1456 1680 1499 subueniri.
1724 1456 1781 1498 illi

211 1527 374 1569 dicunt:
403 1526 540 1568 ‘debet
564 1526 641 1567 hoc
665 1526 765 1567 deus
781 1525 991 1567 laboribus
1010 1523 1289 1566 membrorum
1306 1526 1504 1574 suorum‘,
1524 1522 1594 1564 isti
1618 1523 1778 1564 dicunt:

216 1593 352 1635 ‘debet
402 1592 479 1633 hoc
529 1592 627 1633 deus
673 1590 901 1632 uirtutibus
961 1602 1173 1632 seruorum
1224 1590 1419 1631 suorum‘.
1473 1588 1657 1643 utrisque
1687 1600 1781 1642 ergo

209 1671 365 1700 merces
394 1671 476 1698 non
508 1657 725 1711 inpritatir
749 1655 975 1697 secindum
1008 1655 1199 1710 gratiam,
1230 1654 1299 1696 sed
1329 1653 1554 1696 secundum
1580 1653 1779 1696 debitum.

208 1722 413 1766 Manichei
439 1723 664 1764 ‘lauacrum
689 1720 1018 1776 regenerationis,
1048 1720 1089 1762 id
1114 1725 1176 1762 est
1201 1732 1354 1774 aquam
1379 1719 1511 1773 ipsam
1529 1718 1673 1761 dicunt
1697 1731 1784 1760 esse

212 1788 467 1844 superfluam
478 1801 553 1829 nec
564 1788 754 1842 prodesse
771 1785 928 1841 aliquid
943 1784 1116 1840 profano
1136 1785 1256 1827 corde
1274 1784 1559 1834 contendunt²‚
1574 1783 1783 1838 Pelagiani

216 1860 373 1905 autem,
397 1853 521 1909 ‘quod
541 1853 583 1894 in
604 1865 718 1894 sacro
739 1851 994 1906 baptismate
1018 1851 1071 1893 ad
1094 1850 1299 1905 expianda
1319 1855 1489 1904 peccata
1510 1849 1662 1891 dicitur
1682 1848 1784 1890 nihil

212 1919 410 1975 opitulari
435 1918 668 1961 infantibus
692 1917 853 1959 nullum
877 1920 1091 1971 peccatum
1119 1915 1367 1957 habentibus
1393 1915 1616 1957 adserunt&
1645 1927 1693 1956 ac
1712 1927 1784 1968 per

219 1987 296 2028 hoc
314 1986 355 2027 in
373 1984 557 2040 paruulis
575 1982 852 2039 baptizandis,
866 1986 1071 2037 quantum
1092 1981 1145 2023 ad
1166 1980 1446 2022 remissionem
1461 1980 1625 2022 adtinet
1643 1992 1784 2034 pecca·
1837 1990 1852 2017 ὃ

214 2057 367 2102 torum,
403 2049 608 2092 Manichei
642 2048 803 2091 uisibile
838 2048 1059 2090 destruunt
1095 2047 1358 2096 elementum,
1396 2045 1607 2100 Pelagiani
1642 2049 1784 2087 autem

217 2117 344 2159 etiam
368 2115 573 2158 inuisibile
597 2118 913 2157 sacramentum.
940 2111 1144 2154 Manichei
1168 2124 1332 2154 carnem
1355 2110 1506 2154 Christi
1524 2110 1783 2152 exhonorant

211 2188 382 2239 partum
419 2180 588 2237 uirginis
618 2179 961 2235 blasphemando,
981 2178 1192 2233 Pelagiani
1223 2183 1366 2220 autem
1390 2189 1555 2218 carnem
1578 2174 1781 2217 redimen-

318 2313 338 2346 5
355 2311 483 2347 Matth.
506 2311 558 2352 12,
575 2311 618 2344 33
697 2310 718 2345 9
736 2310 753 2345 Ι
771 2309 844 2344 Ioh.
870 2310 900 2351 1,
919 2309 938 2343 8
1016 2308 1060 2343 20
1075 2308 1117 2342 cf.
1139 2307 1239 2342 Rom.
1256 2308 1288 2348 4,
1306 2309 1326 2342 4

320 2402 336 2436 1
356 2400 441 2436 estis
456 2402 486 2436 B
573 2399 592 2433 2
609 2402 735 2434 natura
748 2398 779 2432 V
856 2397 947 2433 male
961 2398 1044 2434 Oml
1063 2397 1155 2432 mala
1168 2398 1200 2432 D
1275 2395 1490 2440 comixtione
1503 2394 1531 2428 V
1552 2393 1786 2430 comixioneo

217 2462 239 2496 3
256 2462 406 2497 istamD
467 2461 487 2494 4
505 2461 650 2505 peccata
662 2461 694 2495 D
755 2459 776 2494 6
793 2457 1130 2493 bonam—arborem
1146 2455 1245 2492 om.V
1308 2456 1327 2490 7
1346 2454 1476 2490 malam
1493 2454 1590 2490 om.c
1650 2453 1785 2488 fructus

216 2520 292 2556 eius
309 2519 419 2556 malos
430 2519 493 2556 EF
587 2519 608 2554 8
625 2517 710 2563 quia
726 2518 761 2561 (a
779 2516 941 2560 s.l.m1)O
1032 2517 1053 2552 9
1069 2515 1263 2562 pelagianis
1274 2515 1306 2560 (s
1319 2513 1484 2559 mls.l.)0
1553 2513 1594 2549 10
1613 2512 1787 2548 nosmeto

219 2581 259 2615 11
277 2579 464 2615 contrariis
479 2578 572 2614 inter
587 2589 622 2614 se
633 2577 696 2614 EF
783 2576 824 2611 12
840 2575 1004 2612 dissimili
1020 2587 1076 2611 ore
1093 2575 1200 2611 simili
1217 2574 1399 2610 uoluntate
1416 2574 1571 2620 separati
1584 2571 1649 2614 Da>
1663 2573 1704 2608 in
1719 2582 1783 2620 my.

220 2639 262 2674 13
278 2637 452 2674 mente-V
515 2638 556 2673 16
572 2640 646 2683 post
663 2636 799 2672 meritis
815 2647 898 2671 eras.
917 2635 1149 2672 uoluntatisO
1221 2634 1262 2669 18
1277 2644 1328 2680 pr.
1348 2632 1480 2669 diceint
1492 2633 1576 2669 cm1
1639 2630 1682 2666 19
1699 2629 1786 2666 deus

218 2698 353 2736 om.DV
358 2699 376 2734 b
466 2698 508 2734 20
525 2699 602 2733 anie
619 2696 779 2732 debitum
797 2706 872 2741 exp.
891 2695 1058 2731 meritum
1072 2696 1117 2737 B,
1184 2694 1226 2729 22
1243 2693 1424 2739 prophano
1432 2693 1496 2729 OD
1579 2690 1623 2726 23
1638 2689 1785 2733 dicitur]

218 2757 327 2794 datur
335 2758 399 2794 EF
493 2757 535 2792 25
552 2755 770 2801 babtizant'ks
785 2755 823 2798 (d
840 2766 865 2790 s.
886 2754 1025 2800 tm1)O
1135 2753 1177 2788 26
1193 2753 1430 2789 helementum
1442 2751 1471 2788 C
1575 2751 1650 2796 post
1664 2751 1784 2784 autam

222 2828 304 2853 eras.
323 2828 445 2853 uerum
460 2818 491 2853 B
566 2817 607 2852 27
623 2814 853 2852 inuisibileoo
936 2813 1109 2849 manichei
1125 2816 1244 2848 autem
1257 2813 1319 2849 01)
1394 2811 1436 2846 28
1453 2809 1602 2860 uirginis
1617 2819 1682 2845 om.
1695 2807 1788 2845 CEF

214 2876 474 2922 blaphemando
490 2878 520 2912 B

1810 999 1847 1027 10

1812 1337 1848 1365 15

1809 1665 1851 1694 20
