<?xml version="1.0" encoding="UTF-8"?>
<!DOCTYPE html PUBLIC "-//W3C//DTD XHTML 1.0 Transitional//EN"
    "http://www.w3.org/TR/xhtml1/DTD/xhtml1-transitional.dtd">
<html xmlns="http://www.w3.org/1999/xhtml" xml:lang="en" lang="en">
 <head>
  <title>
</title>
<meta http-equiv="Content-Type" content="text/html;charset=utf-8" />
  <meta name='ocr-system' content='tesseract 3.04.00' />
  <meta name='ocr-capabilities' content='ocr_page ocr_carea ocr_par ocr_line ocrx_word'/>
</head>
<body>
  <div class='ocr_page' id='page_1' title='image "./corpusscriptorum60auguuoft_0403.png"; bbox 0 0 2028 3204; ppageno 0'>
   <div class='ocr_carea' id='block_1_1' title="bbox 0 0 174 3204">
    <p class='ocr_par' dir='ltr' id='par_1_1' title="bbox 0 0 174 3204">
     <span class='ocr_line' id='line_1_1' title="bbox 0 0 174 3204; baseline 0 0"><span class='ocrx_word' id='word_1_1' title='bbox 0 0 174 3204; x_wconf 95' lang='lat' dir='ltr'> </span> 
     </span>
    </p>
   </div>
   <div class='ocr_carea' id='block_1_2' title="bbox 772 183 1771 232">
    <p class='ocr_par' dir='ltr' id='par_1_2' title="bbox 772 183 1771 232">
     <span class='ocr_line' id='line_1_2' title="bbox 772 183 1771 232; baseline 0.001 -7"><span class='ocrx_word' id='word_1_2' title='bbox 772 189 860 226; x_wconf 82' lang='lat' dir='ltr'>liber</span> <span class='ocrx_word' id='word_1_3' title='bbox 891 189 948 227; x_wconf 91' lang='lat'>111</span> <span class='ocrx_word' id='word_1_4' title='bbox 983 191 1034 232; x_wconf 90' lang='lat'>11,</span> <span class='ocrx_word' id='word_1_5' title='bbox 1067 189 1196 226; x_wconf 82' lang='lat'>15—17</span> <span class='ocrx_word' id='word_1_6' title='bbox 1692 183 1771 226; x_wconf 82' lang='grc'>373</span> 
     </span>
    </p>
   </div>
   <div class='ocr_carea' id='block_1_3' title="bbox 193 314 1783 2279">
    <p class='ocr_par' dir='ltr' id='par_1_3' title="bbox 193 314 1783 2279">
     <span class='ocr_line' id='line_1_3' title="bbox 201 314 1783 373; baseline 0.003 -15"><span class='ocrx_word' id='word_1_7' title='bbox 201 314 314 358; x_wconf 82' lang='lat' dir='ltr'>aliud</span> <span class='ocrx_word' id='word_1_8' title='bbox 337 319 399 358; x_wconf 85' lang='lat' dir='ltr'>est</span> <span class='ocrx_word' id='word_1_9' title='bbox 421 315 530 359; x_wconf 89' lang='lat' dir='ltr'>enim</span> <span class='ocrx_word' id='word_1_10' title='bbox 554 315 666 372; x_wconf 88' lang='lat' dir='ltr'>regni</span> <span class='ocrx_word' id='word_1_11' title='bbox 686 316 753 359; x_wconf 91' lang='lat' dir='ltr'>dei</span> <span class='ocrx_word' id='word_1_12' title='bbox 774 315 1015 360; x_wconf 90' lang='lat' dir='ltr'>muneribus</span> <span class='ocrx_word' id='word_1_13' title='bbox 1037 315 1242 367; x_wconf 86' lang='lat' dir='ltr'>honorari,</span> <span class='ocrx_word' id='word_1_14' title='bbox 1266 316 1378 360; x_wconf 87' lang='lat' dir='ltr'>aliud</span> <span class='ocrx_word' id='word_1_15' title='bbox 1402 318 1514 372; x_wconf 82' lang='lat' dir='ltr'>regni</span> <span class='ocrx_word' id='word_1_16' title='bbox 1536 318 1603 360; x_wconf 88' lang='lat' dir='ltr'>dei</span> <span class='ocrx_word' id='word_1_17' title='bbox 1626 318 1783 373; x_wconf 85' lang='lat' dir='ltr'>legibus</span> 
     </span>
     <span class='ocr_line' id='line_1_4' title="bbox 200 380 1779 439; baseline 0.003 -16"><span class='ocrx_word' id='word_1_18' title='bbox 200 380 387 424; x_wconf 79' lang='lat' dir='ltr'>coerceri.</span> <span class='ocrx_word' id='word_1_19' title='bbox 434 386 481 424; x_wconf 88' lang='lat' dir='ltr'>ut</span> <span class='ocrx_word' id='word_1_20' title='bbox 509 387 652 425; x_wconf 84' lang='lat' dir='ltr'>autem</span> <span class='ocrx_word' id='word_1_21' title='bbox 681 381 759 425; x_wconf 88' lang='lat' dir='ltr'>tibi</span> <span class='ocrx_word' id='word_1_22' title='bbox 787 381 1123 425; x_wconf 80' lang='lat' dir='ltr'>manifestissime</span> <span class='ocrx_word' id='word_1_23' title='bbox 1152 388 1353 438; x_wconf 80' lang='lat' dir='ltr'>appareat</span> <span class='ocrx_word' id='word_1_24' title='bbox 1384 397 1464 425; x_wconf 91' lang='lat' dir='ltr'>non</span> <span class='ocrx_word' id='word_1_25' title='bbox 1495 397 1581 425; x_wconf 90' lang='lat' dir='ltr'>esse</span> <span class='ocrx_word' id='word_1_26' title='bbox 1609 397 1779 439; x_wconf 86' lang='lat' dir='ltr'>regnum</span> 
     </span>
     <span class='ocr_line' id='line_1_5' title="bbox 200 446 1779 504; baseline 0.002 -15"><span class='ocrx_word' id='word_1_27' title='bbox 200 446 406 490; x_wconf 73' lang='lat' dir='ltr'>caelorum</span> <span class='ocrx_word' id='word_1_28' title='bbox 431 447 766 491; x_wconf 88' lang='lat' dir='ltr'>distribuendum</span> <span class='ocrx_word' id='word_1_29' title='bbox 792 447 1015 504; x_wconf 88' lang='lat' dir='ltr'>baptizatis</span> <span class='ocrx_word' id='word_1_30' title='bbox 1040 453 1080 490; x_wconf 86' lang='lat' dir='ltr'>et</span> <span class='ocrx_word' id='word_1_31' title='bbox 1105 447 1206 490; x_wconf 88' lang='lat' dir='ltr'>alias</span> <span class='ocrx_word' id='word_1_32' title='bbox 1230 454 1369 503; x_wconf 87' lang='lat' dir='ltr'>partes</span> <span class='ocrx_word' id='word_1_33' title='bbox 1394 449 1505 503; x_wconf 82' lang='lat' dir='ltr'>regni</span> <span class='ocrx_word' id='word_1_34' title='bbox 1530 450 1595 491; x_wconf 91' lang='lat' dir='ltr'>dei</span> <span class='ocrx_word' id='word_1_35' title='bbox 1619 450 1779 492; x_wconf 86' lang='lat' dir='ltr'>dandas</span> 
     </span>
     <span class='ocr_line' id='line_1_6' title="bbox 202 512 1781 571; baseline 0.002 -16"><span class='ocrx_word' id='word_1_36' title='bbox 202 512 354 567; x_wconf 89' lang='lat' dir='ltr'>quibus</span> <span class='ocrx_word' id='word_1_37' title='bbox 374 512 452 555; x_wconf 90' lang='lat' dir='ltr'>tibi</span> <span class='ocrx_word' id='word_1_38' title='bbox 474 513 609 556; x_wconf 90' lang='lat' dir='ltr'>uisum</span> <span class='ocrx_word' id='word_1_39' title='bbox 631 519 693 556; x_wconf 89' lang='lat' dir='ltr'>est</span> <span class='ocrx_word' id='word_1_40' title='bbox 715 527 797 556; x_wconf 92' lang='lat' dir='ltr'>non</span> <span class='ocrx_word' id='word_1_41' title='bbox 820 513 1056 569; x_wconf 88' lang='lat' dir='ltr'>baptizatis,</span> <span class='ocrx_word' id='word_1_42' title='bbox 1079 513 1214 569; x_wconf 89' lang='lat' dir='ltr'>ipsum</span> <span class='ocrx_word' id='word_1_43' title='bbox 1236 514 1451 556; x_wconf 88' lang='lat' dir='ltr'>dominum</span> <span class='ocrx_word' id='word_1_44' title='bbox 1474 515 1585 566; x_wconf 83' lang='lat' dir='ltr'>audi,</span> <span class='ocrx_word' id='word_1_45' title='bbox 1607 516 1677 571; x_wconf 91' lang='lat' dir='ltr'>qui</span> <span class='ocrx_word' id='word_1_46' title='bbox 1701 530 1781 558; x_wconf 91' lang='lat' dir='ltr'>non</span> 
     </span>
     <span class='ocr_line' id='line_1_7' title="bbox 202 578 1782 636; baseline 0.003 -17"><span class='ocrx_word' id='word_1_47' title='bbox 202 578 280 620; x_wconf 87' lang='lat' dir='ltr'>ait:</span> <span class='ocrx_word' id='word_1_48' title='bbox 337 578 385 621; x_wconf 93' lang='lat' dir='ltr'>si</span> <span class='ocrx_word' id='word_1_49' title='bbox 444 578 583 634; x_wconf 91' lang='lat' dir='ltr'>quis</span> <span class='ocrx_word' id='word_1_50' title='bbox 639 592 752 622; x_wconf 91' lang='lat' dir='ltr'>non</span> <span class='ocrx_word' id='word_1_51' title='bbox 800 583 1059 622; x_wconf 88' lang='lat' dir='ltr'>renatus</span> <span class='ocrx_word' id='word_1_52' title='bbox 1132 580 1331 622; x_wconf 83' lang='lat' dir='ltr'>fuerit</span> <span class='ocrx_word' id='word_1_53' title='bbox 1388 593 1453 622; x_wconf 88' lang='lat' dir='ltr'>ex</span> <span class='ocrx_word' id='word_1_54' title='bbox 1509 593 1667 636; x_wconf 82' lang='lat' dir='ltr'>aqua</span> <span class='ocrx_word' id='word_1_55' title='bbox 1727 586 1782 623; x_wconf 89' lang='lat' dir='ltr'>et</span> 
     </span>
     <span class='ocr_line' id='line_1_8' title="bbox 199 642 1781 700; baseline 0.002 -15"><span class='ocrx_word' id='word_1_56' title='bbox 199 657 217 685; x_wconf 89' lang='lat' dir='ltr'>s</span> <span class='ocrx_word' id='word_1_57' title='bbox 234 657 262 700; x_wconf 94' lang='lat' dir='ltr'>p</span> <span class='ocrx_word' id='word_1_58' title='bbox 280 642 292 684; x_wconf 92' lang='lat' dir='ltr'>i</span> <span class='ocrx_word' id='word_1_59' title='bbox 307 657 328 686; x_wconf 93' lang='lat' dir='ltr'>r</span> <span class='ocrx_word' id='word_1_60' title='bbox 344 642 357 685; x_wconf 94' lang='lat' dir='ltr'>i</span> <span class='ocrx_word' id='word_1_61' title='bbox 376 648 450 695; x_wconf 90' lang='lat' dir='ltr'>tu,</span> <span class='ocrx_word' id='word_1_62' title='bbox 489 645 583 688; x_wconf 87' lang='lat' dir='ltr'>‘non</span> <span class='ocrx_word' id='word_1_63' title='bbox 624 650 764 700; x_wconf 87' lang='lat' dir='ltr'>potest</span> <span class='ocrx_word' id='word_1_64' title='bbox 789 646 943 688; x_wconf 90' lang='lat' dir='ltr'>intrare</span> <span class='ocrx_word' id='word_1_65' title='bbox 968 646 1009 688; x_wconf 92' lang='lat' dir='ltr'>in</span> <span class='ocrx_word' id='word_1_66' title='bbox 1049 658 1219 700; x_wconf 89' lang='lat' dir='ltr'>regnum</span> <span class='ocrx_word' id='word_1_67' title='bbox 1261 645 1495 695; x_wconf 79' lang='lat' dir='ltr'>caelorurn‘,</span> <span class='ocrx_word' id='word_1_68' title='bbox 1536 647 1627 688; x_wconf 84' lang='lat' dir='ltr'>sed:</span> <span class='ocrx_word' id='word_1_69' title='bbox 1670 660 1695 688; x_wconf 92' lang='lat' dir='ltr'>n</span> <span class='ocrx_word' id='word_1_70' title='bbox 1714 660 1737 689; x_wconf 92' lang='grc' dir='ltr'><strong>ο</strong></span> <span class='ocrx_word' id='word_1_71' title='bbox 1755 660 1781 689; x_wconf 95' lang='lat' dir='ltr'>n</span> 
     </span>
     <span class='ocr_line' id='line_1_9' title="bbox 199 710 1781 767; baseline 0.002 -15"><span class='ocrx_word' id='word_1_72' title='bbox 199 714 424 764; x_wconf 86' lang='lat' dir='ltr'>potest,</span> <span class='ocrx_word' id='word_1_73' title='bbox 475 710 624 767; x_wconf 86' lang='lat' dir='ltr'>inquit,</span> <span class='ocrx_word' id='word_1_74' title='bbox 674 710 923 754; x_wconf 87' lang='lat' dir='ltr'>intrare</span> <span class='ocrx_word' id='word_1_75' title='bbox 970 710 1025 754; x_wconf 93' lang='lat' dir='ltr'>in</span> <span class='ocrx_word' id='word_1_76' title='bbox 1072 724 1215 767; x_wconf 89' lang='lat' dir='ltr'>regn</span> <span class='ocrx_word' id='word_1_77' title='bbox 1237 724 1322 753; x_wconf 77' lang='lat' dir='ltr'>uni</span> <span class='ocrx_word' id='word_1_78' title='bbox 1363 711 1472 754; x_wconf 90' lang='lat' dir='ltr'>dei.</span> <span class='ocrx_word' id='word_1_79' title='bbox 1518 726 1614 755; x_wconf 89' lang='lat' dir='ltr'>nam</span> <span class='ocrx_word' id='word_1_80' title='bbox 1655 713 1781 755; x_wconf 85' lang='lat' dir='ltr'>uerba</span> 
     </span>
     <span class='ocr_line' id='line_1_10' title="bbox 200 775 1783 827; baseline 0.003 -10"><span class='ocrx_word' id='word_1_81' title='bbox 200 775 286 818; x_wconf 77' lang='lat' dir='ltr'>eius</span> <span class='ocrx_word' id='word_1_82' title='bbox 318 776 370 818; x_wconf 90' lang='lat' dir='ltr'>de</span> <span class='ocrx_word' id='word_1_83' title='bbox 403 776 480 819; x_wconf 85' lang='lat' dir='ltr'>hac</span> <span class='ocrx_word' id='word_1_84' title='bbox 504 790 545 819; x_wconf 93' lang='lat' dir='ltr'>re</span> <span class='ocrx_word' id='word_1_85' title='bbox 577 777 659 819; x_wconf 90' lang='lat' dir='ltr'>ista</span> <span class='ocrx_word' id='word_1_86' title='bbox 680 782 779 820; x_wconf 90' lang='lat' dir='ltr'>sunt</span> <span class='ocrx_word' id='word_1_87' title='bbox 812 777 864 820; x_wconf 90' lang='lat' dir='ltr'>ad</span> <span class='ocrx_word' id='word_1_88' title='bbox 898 777 1189 819; x_wconf 82' lang='lat' dir='ltr'>Nicodemum:</span> <span class='ocrx_word' id='word_1_89' title='bbox 1228 791 1253 819; x_wconf 85' lang='lat' dir='ltr'>a</span> <span class='ocrx_word' id='word_1_90' title='bbox 1270 790 1310 818; x_wconf 91' lang='lat' dir='ltr'>m</span> <span class='ocrx_word' id='word_1_91' title='bbox 1329 792 1349 820; x_wconf 90' lang='lat' dir='ltr'>e</span> <span class='ocrx_word' id='word_1_92' title='bbox 1368 790 1407 827; x_wconf 90' lang='lat' dir='ltr'>n,</span> <span class='ocrx_word' id='word_1_93' title='bbox 1444 790 1469 819; x_wconf 89' lang='lat' dir='ltr'>a</span> <span class='ocrx_word' id='word_1_94' title='bbox 1486 790 1528 820; x_wconf 91' lang='lat' dir='ltr'>m</span> <span class='ocrx_word' id='word_1_95' title='bbox 1546 790 1567 819; x_wconf 92' lang='lat' dir='ltr'>e</span> <span class='ocrx_word' id='word_1_96' title='bbox 1585 791 1613 820; x_wconf 90' lang='lat' dir='ltr'>n</span> <span class='ocrx_word' id='word_1_97' title='bbox 1642 779 1669 820; x_wconf 91' lang='lat' dir='ltr'>d</span> <span class='ocrx_word' id='word_1_98' title='bbox 1691 778 1701 819; x_wconf 91' lang='lat' dir='ltr'>i</span> <span class='ocrx_word' id='word_1_99' title='bbox 1720 791 1741 820; x_wconf 87' lang='lat' dir='ltr'>c</span> <span class='ocrx_word' id='word_1_100' title='bbox 1760 793 1783 822; x_wconf 94' lang='lat' dir='ltr'>o</span> 
     </span>
     <span class='ocr_line' id='line_1_11' title="bbox 200 839 1780 899; baseline 0.003 -17"><span class='ocrx_word' id='word_1_101' title='bbox 200 839 349 883; x_wconf 89' lang='lat' dir='ltr'>tibi:</span> <span class='ocrx_word' id='word_1_102' title='bbox 393 840 516 884; x_wconf 92' lang='lat' dir='ltr'>nisi</span> <span class='ocrx_word' id='word_1_103' title='bbox 557 841 694 898; x_wconf 90' lang='lat' dir='ltr'>quis</span> <span class='ocrx_word' id='word_1_104' title='bbox 727 847 912 886; x_wconf 88' lang='lat' dir='ltr'>natus</span> <span class='ocrx_word' id='word_1_105' title='bbox 944 842 1143 885; x_wconf 84' lang='lat' dir='ltr'>fuerit</span> <span class='ocrx_word' id='word_1_106' title='bbox 1174 841 1384 893; x_wconf 85' lang='lat' dir='ltr'>denuo,</span> <span class='ocrx_word' id='word_1_107' title='bbox 1420 856 1532 886; x_wconf 90' lang='lat' dir='ltr'>non</span> <span class='ocrx_word' id='word_1_108' title='bbox 1566 849 1780 899; x_wconf 89' lang='lat' dir='ltr'>potest</span> 
     </span>
     <span class='ocr_line' id='line_1_12' title="bbox 200 906 1778 964; baseline 0.003 -16"><span class='ocrx_word' id='word_1_109' title='bbox 200 919 226 948; x_wconf 92' lang='lat' dir='ltr'>u</span> <span class='ocrx_word' id='word_1_110' title='bbox 244 907 256 948; x_wconf 86' lang='lat' dir='ltr'>i</span> <span class='ocrx_word' id='word_1_111' title='bbox 274 906 299 948; x_wconf 91' lang='lat' dir='ltr'>d</span> <span class='ocrx_word' id='word_1_112' title='bbox 319 920 340 949; x_wconf 91' lang='lat' dir='ltr'>e</span> <span class='ocrx_word' id='word_1_113' title='bbox 355 920 376 949; x_wconf 93' lang='lat' dir='ltr'>r</span> <span class='ocrx_word' id='word_1_114' title='bbox 391 920 413 950; x_wconf 93' lang='lat' dir='ltr'>e</span> <span class='ocrx_word' id='word_1_115' title='bbox 454 921 473 949; x_wconf 93' lang='lat' dir='ltr'>r</span> <span class='ocrx_word' id='word_1_116' title='bbox 490 922 511 950; x_wconf 91' lang='lat' dir='ltr'>e</span> <span class='ocrx_word' id='word_1_117' title='bbox 527 920 554 962; x_wconf 87' lang='lat' dir='ltr'>g</span> <span class='ocrx_word' id='word_1_118' title='bbox 569 923 595 951; x_wconf 93' lang='lat' dir='ltr'>n</span> <span class='ocrx_word' id='word_1_119' title='bbox 615 922 642 951; x_wconf 94' lang='lat' dir='ltr'>u</span> <span class='ocrx_word' id='word_1_120' title='bbox 659 922 700 951; x_wconf 93' lang='lat' dir='ltr'>m</span> <span class='ocrx_word' id='word_1_121' title='bbox 733 910 759 952; x_wconf 96' lang='lat' dir='ltr'>d</span> <span class='ocrx_word' id='word_1_122' title='bbox 779 921 800 950; x_wconf 93' lang='lat' dir='ltr'>e</span> <span class='ocrx_word' id='word_1_123' title='bbox 818 908 842 952; x_wconf 90' lang='lat' dir='ltr'>i.</span> <span class='ocrx_word' id='word_1_124' title='bbox 881 922 973 951; x_wconf 84' lang='lat' dir='ltr'>ecee</span> <span class='ocrx_word' id='word_1_125' title='bbox 995 923 1076 951; x_wconf 91' lang='lat' dir='ltr'>non</span> <span class='ocrx_word' id='word_1_126' title='bbox 1101 908 1166 950; x_wconf 85' lang='lat' dir='ltr'>hic</span> <span class='ocrx_word' id='word_1_127' title='bbox 1193 909 1299 951; x_wconf 88' lang='lat' dir='ltr'>dixit</span> <span class='ocrx_word' id='word_1_128' title='bbox 1330 910 1513 964; x_wconf 85' lang='lat' dir='ltr'>‘regnum</span> <span class='ocrx_word' id='word_1_129' title='bbox 1542 909 1778 961; x_wconf 82' lang='lat' dir='ltr'>eaelorum‘,</span> 
     </span>
     <span class='ocr_line' id='line_1_13' title="bbox 196 970 1778 1030; baseline 0.003 -17"><span class='ocrx_word' id='word_1_130' title='bbox 196 970 266 1014; x_wconf 87' lang='lat' dir='ltr'>sed</span> <span class='ocrx_word' id='word_1_131' title='bbox 330 972 434 1016; x_wconf 88' lang='lat' dir='ltr'>‘dei‘.</span> <span class='ocrx_word' id='word_1_132' title='bbox 488 979 529 1016; x_wconf 91' lang='lat' dir='ltr'>et</span> <span class='ocrx_word' id='word_1_133' title='bbox 580 987 674 1017; x_wconf 83' lang='lat' dir='ltr'>eum</span> <span class='ocrx_word' id='word_1_134' title='bbox 735 975 1012 1030; x_wconf 82' lang='lat' dir='ltr'>respondisset</span> <span class='ocrx_word' id='word_1_135' title='bbox 1082 974 1331 1017; x_wconf 78' lang='lat' dir='ltr'>Nicodemus</span> <span class='ocrx_word' id='word_1_136' title='bbox 1393 980 1521 1030; x_wconf 83' lang='lat' dir='ltr'>atque</span> <span class='ocrx_word' id='word_1_137' title='bbox 1588 976 1778 1018; x_wconf 80' lang='lat' dir='ltr'>dixisset:</span> 
     </span>
     <span class='ocr_line' id='line_1_14' title="bbox 197 1038 1777 1094; baseline 0.002 -14"><span class='ocrx_word' id='word_1_138' title='bbox 197 1038 500 1093; x_wconf 91' lang='lat' dir='ltr'>quomodo</span> <span class='ocrx_word' id='word_1_139' title='bbox 546 1043 766 1094; x_wconf 89' lang='lat' dir='ltr'>potest</span> <span class='ocrx_word' id='word_1_140' title='bbox 816 1040 988 1083; x_wconf 90' lang='lat' dir='ltr'>homo</span> <span class='ocrx_word' id='word_1_141' title='bbox 1038 1039 1225 1091; x_wconf 84' lang='lat' dir='ltr'>nasei,</span> <span class='ocrx_word' id='word_1_142' title='bbox 1269 1054 1394 1083; x_wconf 86' lang='lat' dir='ltr'>eum</span> <span class='ocrx_word' id='word_1_143' title='bbox 1436 1054 1620 1083; x_wconf 84' lang='lat' dir='ltr'>senex</span> <span class='ocrx_word' id='word_1_144' title='bbox 1661 1040 1777 1083; x_wconf 79' lang='lat' dir='ltr'>sit?</span> 
     </span>
     <span class='ocr_line' id='line_1_15' title="bbox 197 1104 1779 1162; baseline 0.001 -16"><span class='ocrx_word' id='word_1_145' title='bbox 197 1104 489 1160; x_wconf 91' lang='lat' dir='ltr'>numquid</span> <span class='ocrx_word' id='word_1_146' title='bbox 571 1110 789 1162; x_wconf 89' lang='lat' dir='ltr'>potest</span> <span class='ocrx_word' id='word_1_147' title='bbox 865 1105 921 1148; x_wconf 94' lang='lat' dir='ltr'>in</span> <span class='ocrx_word' id='word_1_148' title='bbox 993 1111 1273 1148; x_wconf 86' lang='lat' dir='ltr'>uentrem</span> <span class='ocrx_word' id='word_1_149' title='bbox 1345 1106 1565 1148; x_wconf 86' lang='lat' dir='ltr'>matris</span> <span class='ocrx_word' id='word_1_150' title='bbox 1635 1120 1779 1149; x_wconf 88' lang='lat' dir='ltr'>suae</span> 
     </span>
     <span class='ocr_line' id='line_1_16' title="bbox 197 1169 1781 1215; baseline 0.002 -3"><span class='ocrx_word' id='word_1_151' title='bbox 197 1169 440 1213; x_wconf 87' lang='lat' dir='ltr'>iterato</span> <span class='ocrx_word' id='word_1_152' title='bbox 496 1169 771 1214; x_wconf 89' lang='lat' dir='ltr'>introire</span> <span class='ocrx_word' id='word_1_153' title='bbox 827 1185 849 1213; x_wconf 91' lang='lat' dir='ltr'>e</span> <span class='ocrx_word' id='word_1_154' title='bbox 869 1177 887 1214; x_wconf 88' lang='lat' dir='ltr'>t</span> <span class='ocrx_word' id='word_1_155' title='bbox 950 1185 1053 1214; x_wconf 83' lang='lat' dir='ltr'>nas</span> <span class='ocrx_word' id='word_1_156' title='bbox 1073 1171 1157 1214; x_wconf 78' lang='lat' dir='ltr'>oi?</span> <span class='ocrx_word' id='word_1_157' title='bbox 1217 1173 1390 1215; x_wconf 87' lang='lat' dir='ltr'>eandem</span> <span class='ocrx_word' id='word_1_158' title='bbox 1445 1173 1637 1215; x_wconf 89' lang='lat' dir='ltr'>dominus</span> <span class='ocrx_word' id='word_1_159' title='bbox 1691 1187 1781 1215; x_wconf 85' lang='lat' dir='ltr'>sen-</span> 
     </span>
     <span class='ocr_line' id='line_1_17' title="bbox 200 1236 1778 1310; baseline 0.002 -32"><span class='ocrx_word' id='word_1_160' title='bbox 200 1236 376 1279; x_wconf 86' lang='lat' dir='ltr'>tentiam</span> <span class='ocrx_word' id='word_1_161' title='bbox 439 1236 601 1292; x_wconf 86' lang='lat' dir='ltr'>planius</span> <span class='ocrx_word' id='word_1_162' title='bbox 658 1238 925 1310; x_wconf 84' lang='lat' dir='ltr'>apertiusque</span> <span class='ocrx_word' id='word_1_163' title='bbox 981 1243 1170 1293; x_wconf 88' lang='lat' dir='ltr'>repetens</span> <span class='ocrx_word' id='word_1_164' title='bbox 1218 1238 1296 1280; x_wconf 88' lang='lat' dir='ltr'>ait:</span> <span class='ocrx_word' id='word_1_165' title='bbox 1379 1252 1404 1280; x_wconf 89' lang='lat' dir='ltr'>a</span> <span class='ocrx_word' id='word_1_166' title='bbox 1421 1251 1461 1279; x_wconf 89' lang='lat' dir='ltr'>m</span> <span class='ocrx_word' id='word_1_167' title='bbox 1481 1251 1501 1280; x_wconf 91' lang='lat' dir='ltr'>e</span> <span class='ocrx_word' id='word_1_168' title='bbox 1519 1252 1557 1287; x_wconf 92' lang='lat' dir='ltr'>n</span> <span class='ocrx_word' id='word_1_169' title='bbox 1609 1251 1635 1279; x_wconf 85' lang='lat' dir='ltr'>a</span> <span class='ocrx_word' id='word_1_170' title='bbox 1654 1251 1693 1279; x_wconf 87' lang='lat' dir='ltr'>m</span> <span class='ocrx_word' id='word_1_171' title='bbox 1713 1251 1734 1280; x_wconf 91' lang='lat' dir='ltr'>e</span> <span class='ocrx_word' id='word_1_172' title='bbox 1752 1253 1778 1281; x_wconf 94' lang='lat' dir='ltr'>n</span> 
     </span>
     <span class='ocr_line' id='line_1_18' title="bbox 195 1300 1782 1359; baseline 0.002 -15"><span class='ocrx_word' id='word_1_173' title='bbox 195 1300 333 1344; x_wconf 85' lang='lat' dir='ltr'>dico</span> <span class='ocrx_word' id='word_1_174' title='bbox 378 1302 530 1344; x_wconf 88' lang='lat' dir='ltr'>tibi:</span> <span class='ocrx_word' id='word_1_175' title='bbox 580 1302 710 1345; x_wconf 93' lang='lat' dir='ltr'>nisi</span> <span class='ocrx_word' id='word_1_176' title='bbox 758 1303 899 1359; x_wconf 90' lang='lat' dir='ltr'>quis</span> <span class='ocrx_word' id='word_1_177' title='bbox 948 1308 1205 1346; x_wconf 86' lang='lat' dir='ltr'>renatus</span> <span class='ocrx_word' id='word_1_178' title='bbox 1254 1302 1455 1346; x_wconf 90' lang='lat' dir='ltr'>fuerit</span> <span class='ocrx_word' id='word_1_179' title='bbox 1503 1318 1568 1346; x_wconf 82' lang='lat' dir='ltr'>ex</span> <span class='ocrx_word' id='word_1_180' title='bbox 1624 1317 1782 1359; x_wconf 85' lang='lat' dir='ltr'>aqua</span> 
     </span>
     <span class='ocr_line' id='line_1_19' title="bbox 194 1366 1777 1425; baseline 0.001 -16"><span class='ocrx_word' id='word_1_181' title='bbox 194 1372 252 1410; x_wconf 89' lang='lat' dir='ltr'>et</span> <span class='ocrx_word' id='word_1_182' title='bbox 293 1366 542 1422; x_wconf 90' lang='lat' dir='ltr'>spiritu,</span> <span class='ocrx_word' id='word_1_183' title='bbox 576 1382 691 1411; x_wconf 90' lang='lat' dir='ltr'>non</span> <span class='ocrx_word' id='word_1_184' title='bbox 730 1374 945 1425; x_wconf 89' lang='lat' dir='ltr'>potest</span> <span class='ocrx_word' id='word_1_185' title='bbox 978 1369 1252 1412; x_wconf 91' lang='lat' dir='ltr'>introire</span> <span class='ocrx_word' id='word_1_186' title='bbox 1294 1369 1352 1413; x_wconf 91' lang='lat' dir='ltr'>in</span> <span class='ocrx_word' id='word_1_187' title='bbox 1391 1382 1639 1423; x_wconf 87' lang='lat' dir='ltr'>regnum</span> <span class='ocrx_word' id='word_1_188' title='bbox 1670 1369 1777 1412; x_wconf 91' lang='lat' dir='ltr'>dei.</span> 
     </span>
     <span class='ocr_line' id='line_1_20' title="bbox 195 1434 1777 1491; baseline 0.002 -16"><span class='ocrx_word' id='word_1_189' title='bbox 195 1447 287 1475; x_wconf 86' lang='lat' dir='ltr'>ecce</span> <span class='ocrx_word' id='word_1_190' title='bbox 315 1447 389 1476; x_wconf 83' lang='lat' dir='ltr'>nee</span> <span class='ocrx_word' id='word_1_191' title='bbox 415 1434 481 1476; x_wconf 89' lang='lat' dir='ltr'>hic</span> <span class='ocrx_word' id='word_1_192' title='bbox 522 1434 630 1477; x_wconf 85' lang='lat' dir='ltr'>dixit</span> <span class='ocrx_word' id='word_1_193' title='bbox 676 1436 860 1490; x_wconf 87' lang='lat' dir='ltr'>‘regnum</span> <span class='ocrx_word' id='word_1_194' title='bbox 895 1435 1116 1478; x_wconf 82' lang='lat' dir='ltr'>caelorum‘</span> <span class='ocrx_word' id='word_1_195' title='bbox 1121 1471 1130 1485; x_wconf 78' lang='lat'>‚</span> <span class='ocrx_word' id='word_1_196' title='bbox 1172 1435 1243 1478; x_wconf 89' lang='lat' dir='ltr'>sed</span> <span class='ocrx_word' id='word_1_197' title='bbox 1289 1436 1475 1489; x_wconf 85' lang='lat' dir='ltr'>regnum</span> <span class='ocrx_word' id='word_1_198' title='bbox 1515 1435 1610 1477; x_wconf 81' lang='lat' dir='ltr'>dei‘.</span> <span class='ocrx_word' id='word_1_199' title='bbox 1665 1436 1777 1491; x_wconf 92' lang='lat' dir='ltr'>quod</span> 
     </span>
     <span class='ocr_line' id='line_1_21' title="bbox 194 1499 1778 1557; baseline 0.001 -16"><span class='ocrx_word' id='word_1_200' title='bbox 194 1499 303 1541; x_wconf 89' lang='lat' dir='ltr'>enim</span> <span class='ocrx_word' id='word_1_201' title='bbox 335 1499 517 1542; x_wconf 86' lang='lat' dir='ltr'>dixerat:</span> <span class='ocrx_word' id='word_1_202' title='bbox 552 1499 676 1542; x_wconf 91' lang='lat' dir='ltr'>nisi</span> <span class='ocrx_word' id='word_1_203' title='bbox 710 1500 844 1556; x_wconf 91' lang='lat' dir='ltr'>quis</span> <span class='ocrx_word' id='word_1_204' title='bbox 877 1506 1062 1544; x_wconf 87' lang='lat' dir='ltr'>natus</span> <span class='ocrx_word' id='word_1_205' title='bbox 1096 1499 1295 1543; x_wconf 84' lang='lat' dir='ltr'>fuerit</span> <span class='ocrx_word' id='word_1_206' title='bbox 1326 1501 1537 1551; x_wconf 90' lang='lat' dir='ltr'>denuo,</span> <span class='ocrx_word' id='word_1_207' title='bbox 1572 1502 1648 1544; x_wconf 86' lang='lat' dir='ltr'>hoe</span> <span class='ocrx_word' id='word_1_208' title='bbox 1679 1502 1778 1557; x_wconf 89' lang='lat' dir='ltr'>quid</span> 
     </span>
     <span class='ocr_line' id='line_1_22' title="bbox 195 1564 1776 1623; baseline 0.002 -17"><span class='ocrx_word' id='word_1_209' title='bbox 195 1570 300 1607; x_wconf 90' lang='lat' dir='ltr'>esset</span> <span class='ocrx_word' id='word_1_210' title='bbox 350 1566 542 1620; x_wconf 82' lang='lat' dir='ltr'>exposuit</span> <span class='ocrx_word' id='word_1_211' title='bbox 589 1566 748 1608; x_wconf 85' lang='lat' dir='ltr'>dicens:</span> <span class='ocrx_word' id='word_1_212' title='bbox 798 1566 918 1609; x_wconf 89' lang='lat' dir='ltr'>nisi</span> <span class='ocrx_word' id='word_1_213' title='bbox 960 1566 1096 1623; x_wconf 91' lang='lat' dir='ltr'>quis</span> <span class='ocrx_word' id='word_1_214' title='bbox 1148 1564 1411 1610; x_wconf 76' lang='lat' dir='ltr'>renatus</span> <span class='ocrx_word' id='word_1_215' title='bbox 1462 1566 1663 1609; x_wconf 88' lang='lat' dir='ltr'>fuerit</span> <span class='ocrx_word' id='word_1_216' title='bbox 1713 1581 1776 1609; x_wconf 89' lang='lat' dir='ltr'>ex</span> 
     </span>
     <span class='ocr_line' id='line_1_23' title="bbox 193 1631 1774 1688; baseline 0.002 -16"><span class='ocrx_word' id='word_1_217' title='bbox 193 1643 347 1686; x_wconf 85' lang='lat' dir='ltr'>aqua</span> <span class='ocrx_word' id='word_1_218' title='bbox 410 1637 465 1673; x_wconf 92' lang='lat' dir='ltr'>et</span> <span class='ocrx_word' id='word_1_219' title='bbox 513 1631 778 1687; x_wconf 86' lang='lat' dir='ltr'>spiritu;</span> <span class='ocrx_word' id='word_1_220' title='bbox 843 1638 883 1675; x_wconf 90' lang='lat' dir='ltr'>et</span> <span class='ocrx_word' id='word_1_221' title='bbox 947 1633 1059 1688; x_wconf 89' lang='lat' dir='ltr'>quod</span> <span class='ocrx_word' id='word_1_222' title='bbox 1122 1633 1304 1675; x_wconf 84' lang='lat' dir='ltr'>dixerat:</span> <span class='ocrx_word' id='word_1_223' title='bbox 1368 1646 1484 1675; x_wconf 91' lang='lat' dir='ltr'>non</span> <span class='ocrx_word' id='word_1_224' title='bbox 1556 1637 1774 1688; x_wconf 87' lang='lat' dir='ltr'>potest</span> 
     </span>
     <span class='ocr_line' id='line_1_24' title="bbox 195 1695 1773 1753; baseline 0.003 -16"><span class='ocrx_word' id='word_1_225' title='bbox 195 1695 418 1746; x_wconf 87' lang='lat' dir='ltr'>uidere,</span> <span class='ocrx_word' id='word_1_226' title='bbox 463 1697 540 1740; x_wconf 81' lang='lat' dir='ltr'>hoe</span> <span class='ocrx_word' id='word_1_227' title='bbox 583 1699 775 1753; x_wconf 88' lang='lat' dir='ltr'>exposuit</span> <span class='ocrx_word' id='word_1_228' title='bbox 820 1698 1015 1741; x_wconf 85' lang='lat' dir='ltr'>dicendo:</span> <span class='ocrx_word' id='word_1_229' title='bbox 1073 1713 1098 1741; x_wconf 94' lang='lat' dir='ltr'>n</span> <span class='ocrx_word' id='word_1_230' title='bbox 1119 1712 1188 1742; x_wconf 90' lang='lat'>011</span> <span class='ocrx_word' id='word_1_231' title='bbox 1233 1703 1448 1753; x_wconf 89' lang='lat' dir='ltr'>potest</span> <span class='ocrx_word' id='word_1_232' title='bbox 1483 1698 1773 1741; x_wconf 91' lang='lat' dir='ltr'>introire.</span> 
     </span>
     <span class='ocr_line' id='line_1_25' title="bbox 193 1761 1774 1819; baseline 0.001 -15"><span class='ocrx_word' id='word_1_233' title='bbox 193 1761 292 1805; x_wconf 90' lang='lat' dir='ltr'>illud</span> <span class='ocrx_word' id='word_1_234' title='bbox 348 1767 502 1813; x_wconf 87' lang='lat' dir='ltr'>tamen,</span> <span class='ocrx_word' id='word_1_235' title='bbox 569 1764 680 1819; x_wconf 91' lang='lat' dir='ltr'>quod</span> <span class='ocrx_word' id='word_1_236' title='bbox 728 1764 891 1807; x_wconf 87' lang='lat' dir='ltr'>dixerat</span> <span class='ocrx_word' id='word_1_237' title='bbox 950 1764 1136 1819; x_wconf 85' lang='lat' dir='ltr'>‘regnum</span> <span class='ocrx_word' id='word_1_238' title='bbox 1183 1764 1277 1815; x_wconf 84' lang='lat' dir='ltr'>dei‘,</span> <span class='ocrx_word' id='word_1_239' title='bbox 1338 1779 1419 1807; x_wconf 93' lang='lat' dir='ltr'>non</span> <span class='ocrx_word' id='word_1_240' title='bbox 1475 1764 1554 1806; x_wconf 87' lang='lat' dir='ltr'>alio</span> <span class='ocrx_word' id='word_1_241' title='bbox 1610 1765 1774 1806; x_wconf 90' lang='lat' dir='ltr'>nomine</span> 
     </span>
     <span class='ocr_line' id='line_1_26' title="bbox 193 1827 1772 1885; baseline 0.001 -16"><span class='ocrx_word' id='word_1_242' title='bbox 193 1827 399 1883; x_wconf 88' lang='lat' dir='ltr'>repetiuit.</span> <span class='ocrx_word' id='word_1_243' title='bbox 466 1842 599 1884; x_wconf 90' lang='lat' dir='ltr'>neque</span> <span class='ocrx_word' id='word_1_244' title='bbox 654 1843 763 1872; x_wconf 85' lang='lat' dir='ltr'>nune</span> <span class='ocrx_word' id='word_1_245' title='bbox 830 1843 934 1885; x_wconf 91' lang='lat' dir='ltr'>opus</span> <span class='ocrx_word' id='word_1_246' title='bbox 995 1836 1057 1873; x_wconf 88' lang='lat' dir='ltr'>est</span> <span class='ocrx_word' id='word_1_247' title='bbox 1111 1843 1306 1885; x_wconf 87' lang='lat' dir='ltr'>quaerere</span> <span class='ocrx_word' id='word_1_248' title='bbox 1371 1836 1500 1885; x_wconf 86' lang='lat' dir='ltr'>atque</span> <span class='ocrx_word' id='word_1_249' title='bbox 1564 1830 1772 1876; x_wconf 83' lang='lat' dir='ltr'>disserere,</span> 
     </span>
     <span class='ocr_line' id='line_1_27' title="bbox 194 1895 1777 1951; baseline 0.001 -16"><span class='ocrx_word' id='word_1_250' title='bbox 194 1898 335 1936; x_wconf 90' lang='lat' dir='ltr'>utrum</span> <span class='ocrx_word' id='word_1_251' title='bbox 401 1907 572 1949; x_wconf 88' lang='lat' dir='ltr'>regnum</span> <span class='ocrx_word' id='word_1_252' title='bbox 638 1895 703 1937; x_wconf 91' lang='lat' dir='ltr'>dei</span> <span class='ocrx_word' id='word_1_253' title='bbox 776 1909 1030 1951; x_wconf 86' lang='lat' dir='ltr'>regnumque</span> <span class='ocrx_word' id='word_1_254' title='bbox 1089 1895 1296 1938; x_wconf 85' lang='lat' dir='ltr'>caelorum</span> <span class='ocrx_word' id='word_1_255' title='bbox 1353 1909 1448 1938; x_wconf 82' lang='lat' dir='ltr'>eum</span> <span class='ocrx_word' id='word_1_256' title='bbox 1502 1895 1642 1950; x_wconf 89' lang='lat' dir='ltr'>aliqua</span> <span class='ocrx_word' id='word_1_257' title='bbox 1699 1896 1777 1937; x_wconf 85' lang='lat' dir='ltr'>dif-</span> 
     </span>
     <span class='ocr_line' id='line_1_28' title="bbox 194 1958 1772 2017; baseline 0.001 -16"><span class='ocrx_word' id='word_1_258' title='bbox 194 1958 371 2002; x_wconf 85' lang='lat' dir='ltr'>ferentia</span> <span class='ocrx_word' id='word_1_259' title='bbox 385 1959 440 2002; x_wconf 92' lang='lat' dir='ltr'>sit</span> <span class='ocrx_word' id='word_1_260' title='bbox 454 1959 778 2015; x_wconf 85' lang='lat' dir='ltr'>intellegendum</span> <span class='ocrx_word' id='word_1_261' title='bbox 795 1975 849 2003; x_wconf 91' lang='lat' dir='ltr'>an</span> <span class='ocrx_word' id='word_1_262' title='bbox 864 1974 927 2003; x_wconf 90' lang='lat' dir='ltr'>res</span> <span class='ocrx_word' id='word_1_263' title='bbox 943 1975 1027 2004; x_wconf 89' lang='lat' dir='ltr'>una</span> <span class='ocrx_word' id='word_1_264' title='bbox 1041 1961 1095 2003; x_wconf 92' lang='lat' dir='ltr'>sit</span> <span class='ocrx_word' id='word_1_265' title='bbox 1111 1961 1274 2003; x_wconf 91' lang='lat' dir='ltr'>duobus</span> <span class='ocrx_word' id='word_1_266' title='bbox 1290 1960 1502 2017; x_wconf 86' lang='lat' dir='ltr'>appellata</span> <span class='ocrx_word' id='word_1_267' title='bbox 1517 1960 1772 2010; x_wconf 87' lang='lat' dir='ltr'>nominibus;</span> 
     </span>
     <span class='ocr_line' id='line_1_29' title="bbox 193 2023 1773 2081; baseline 0.001 -15"><span class='ocrx_word' id='word_1_268' title='bbox 193 2023 365 2075; x_wconf 82' lang='lat' dir='ltr'>suffieit,</span> <span class='ocrx_word' id='word_1_269' title='bbox 401 2025 513 2080; x_wconf 92' lang='lat' dir='ltr'>quod</span> <span class='ocrx_word' id='word_1_270' title='bbox 547 2039 630 2068; x_wconf 92' lang='lat' dir='ltr'>non</span> <span class='ocrx_word' id='word_1_271' title='bbox 665 2031 804 2081; x_wconf 89' lang='lat' dir='ltr'>potest</span> <span class='ocrx_word' id='word_1_272' title='bbox 830 2026 1000 2069; x_wconf 91' lang='lat' dir='ltr'>introire</span> <span class='ocrx_word' id='word_1_273' title='bbox 1034 2026 1075 2068; x_wconf 92' lang='lat' dir='ltr'>in</span> <span class='ocrx_word' id='word_1_274' title='bbox 1110 2039 1281 2081; x_wconf 89' lang='lat' dir='ltr'>regnum</span> <span class='ocrx_word' id='word_1_275' title='bbox 1316 2026 1394 2077; x_wconf 93' lang='lat' dir='ltr'>dei,</span> <span class='ocrx_word' id='word_1_276' title='bbox 1428 2026 1498 2081; x_wconf 93' lang='lat' dir='ltr'>qui</span> <span class='ocrx_word' id='word_1_277' title='bbox 1534 2040 1615 2068; x_wconf 93' lang='lat' dir='ltr'>non</span> <span class='ocrx_word' id='word_1_278' title='bbox 1651 2026 1773 2068; x_wconf 84' lang='lat' dir='ltr'>fuerit</span> 
     </span>
     <span class='ocr_line' id='line_1_30' title="bbox 196 2089 1773 2147; baseline 0.001 -16"><span class='ocrx_word' id='word_1_279' title='bbox 196 2089 362 2132; x_wconf 82' lang='lat' dir='ltr'>lauacro</span> <span class='ocrx_word' id='word_1_280' title='bbox 379 2091 700 2146; x_wconf 87' lang='lat' dir='ltr'>regenerationis</span> <span class='ocrx_word' id='word_1_281' title='bbox 717 2091 899 2134; x_wconf 88' lang='lat' dir='ltr'>ablutus.</span> <span class='ocrx_word' id='word_1_282' title='bbox 933 2092 1168 2134; x_wconf 87' lang='lat' dir='ltr'>mansiones</span> <span class='ocrx_word' id='word_1_283' title='bbox 1184 2096 1326 2134; x_wconf 84' lang='lat' dir='ltr'>autem</span> <span class='ocrx_word' id='word_1_284' title='bbox 1344 2092 1505 2147; x_wconf 87' lang='lat' dir='ltr'>aliquas</span> <span class='ocrx_word' id='word_1_285' title='bbox 1522 2092 1773 2134; x_wconf 84' lang='lat' dir='ltr'>constitutas</span> 
     </span>
     <span class='ocr_line' id='line_1_31' title="bbox 195 2155 1770 2213; baseline 0.001 -16"><span class='ocrx_word' id='word_1_286' title='bbox 195 2155 237 2197; x_wconf 92' lang='lat' dir='ltr'>in</span> <span class='ocrx_word' id='word_1_287' title='bbox 261 2155 386 2198; x_wconf 92' lang='lat' dir='ltr'>domo</span> <span class='ocrx_word' id='word_1_288' title='bbox 410 2156 476 2198; x_wconf 93' lang='lat' dir='ltr'>dei</span> <span class='ocrx_word' id='word_1_289' title='bbox 498 2169 690 2212; x_wconf 88' lang='lat' dir='ltr'>separare</span> <span class='ocrx_word' id='word_1_290' title='bbox 713 2171 738 2200; x_wconf 88' lang='lat' dir='ltr'>a</span> <span class='ocrx_word' id='word_1_291' title='bbox 761 2170 885 2213; x_wconf 88' lang='lat' dir='ltr'>regno</span> <span class='ocrx_word' id='word_1_292' title='bbox 910 2158 976 2200; x_wconf 90' lang='lat' dir='ltr'>dei</span> <span class='ocrx_word' id='word_1_293' title='bbox 994 2171 1121 2213; x_wconf 86' lang='lat' dir='ltr'>quam</span> <span class='ocrx_word' id='word_1_294' title='bbox 1145 2158 1198 2199; x_wconf 86' lang='lat' dir='ltr'>sit</span> <span class='ocrx_word' id='word_1_295' title='bbox 1223 2172 1247 2200; x_wconf 86' lang='lat' dir='ltr'>a</span> <span class='ocrx_word' id='word_1_296' title='bbox 1271 2157 1448 2200; x_wconf 83' lang='lat' dir='ltr'>ueritate</span> <span class='ocrx_word' id='word_1_297' title='bbox 1467 2157 1636 2199; x_wconf 91' lang='lat' dir='ltr'>deuium</span> <span class='ocrx_word' id='word_1_298' title='bbox 1655 2163 1770 2212; x_wconf 82' lang='lat' dir='ltr'>puto,</span> 
     </span>
     <span class='ocr_line' id='line_1_32' title="bbox 197 2221 1769 2279; baseline 0.003 -16"><span class='ocrx_word' id='word_1_299' title='bbox 197 2221 308 2276; x_wconf 90' lang='lat' dir='ltr'>quod</span> <span class='ocrx_word' id='word_1_300' title='bbox 329 2221 412 2264; x_wconf 88' lang='lat' dir='ltr'>iam</span> <span class='ocrx_word' id='word_1_301' title='bbox 433 2221 660 2277; x_wconf 82' lang='lat' dir='ltr'>intellegas.</span> <span class='ocrx_word' id='word_1_302' title='bbox 693 2227 735 2265; x_wconf 86' lang='lat' dir='ltr'>et</span> <span class='ocrx_word' id='word_1_303' title='bbox 756 2222 847 2265; x_wconf 89' lang='lat' dir='ltr'>ideo</span> <span class='ocrx_word' id='word_1_304' title='bbox 869 2224 980 2278; x_wconf 93' lang='lat' dir='ltr'>quod</span> <span class='ocrx_word' id='word_1_305' title='bbox 1002 2223 1161 2279; x_wconf 87' lang='lat' dir='ltr'>putasti</span> <span class='ocrx_word' id='word_1_306' title='bbox 1182 2223 1222 2265; x_wconf 93' lang='lat' dir='ltr'>in</span> <span class='ocrx_word' id='word_1_307' title='bbox 1243 2223 1452 2279; x_wconf 88' lang='lat' dir='ltr'>aliquibus</span> <span class='ocrx_word' id='word_1_308' title='bbox 1472 2223 1769 2269; x_wconf 80' lang='lat' dir='ltr'>mansionibus,</span> 
     </span>
    </p>
   </div>
   <div class='ocr_carea' id='block_1_4' title="bbox 282 2398 1468 2444">
    <p class='ocr_par' dir='ltr' id='par_1_4' title="bbox 282 2398 1468 2444">
     <span class='ocr_line' id='line_1_33' title="bbox 282 2398 1468 2444; baseline 0.002 -9"><span class='ocrx_word' id='word_1_309' title='bbox 282 2399 304 2435; x_wconf 86' lang='lat'><strong>5</strong></span> <span class='ocrx_word' id='word_1_310' title='bbox 321 2398 397 2435; x_wconf 78' lang='lat'><strong>1011.</strong></span> <span class='ocrx_word' id='word_1_311' title='bbox 413 2401 448 2443; x_wconf 98' lang='lat'>3,</span> <span class='ocrx_word' id='word_1_312' title='bbox 462 2399 484 2435; x_wconf 82' lang='lat'>5</span> <span class='ocrx_word' id='word_1_313' title='bbox 574 2400 596 2436; x_wconf 89' lang='grc'>8</span> <span class='ocrx_word' id='word_1_314' title='bbox 615 2400 690 2437; x_wconf 77' lang='lat'>1012.</span> <span class='ocrx_word' id='word_1_315' title='bbox 710 2401 742 2443; x_wconf 88' lang='lat'>3,</span> <span class='ocrx_word' id='word_1_316' title='bbox 759 2401 780 2437; x_wconf 87' lang='grc'><strong>3</strong></span> <span class='ocrx_word' id='word_1_317' title='bbox 874 2401 916 2435; x_wconf 87' lang='grc'>12</span> <span class='ocrx_word' id='word_1_318' title='bbox 934 2399 1010 2437; x_wconf 74' lang='grc' dir='ltr'>ΙοΙι.</span> <span class='ocrx_word' id='word_1_319' title='bbox 1027 2402 1060 2444; x_wconf 90' lang='lat'>3,</span> <span class='ocrx_word' id='word_1_320' title='bbox 1078 2403 1100 2437; x_wconf 82' lang='lat'>4</span> <span class='ocrx_word' id='word_1_321' title='bbox 1191 2401 1233 2437; x_wconf 85' lang='lat'>28</span> <span class='ocrx_word' id='word_1_322' title='bbox 1250 2401 1296 2438; x_wconf 79' lang='lat' dir='ltr'>cf.</span> <span class='ocrx_word' id='word_1_323' title='bbox 1312 2400 1386 2439; x_wconf 81' lang='lat' dir='ltr'>Tit.</span> <span class='ocrx_word' id='word_1_324' title='bbox 1400 2402 1434 2444; x_wconf 88' lang='lat'>3,</span> <span class='ocrx_word' id='word_1_325' title='bbox 1447 2401 1468 2437; x_wconf 90' lang='lat'>5</span> 
     </span>
    </p>
   </div>
   <div class='ocr_carea' id='block_1_5' title="bbox 193 2504 1768 2859">
    <p class='ocr_par' dir='ltr' id='par_1_5' title="bbox 193 2504 1768 2859">
     <span class='ocr_line' id='line_1_34' title="bbox 302 2504 1768 2555; baseline 0.001 -14"><span class='ocrx_word' id='word_1_326' title='bbox 302 2507 318 2541; x_wconf 90' lang='lat'>1</span> <span class='ocrx_word' id='word_1_327' title='bbox 338 2515 483 2552; x_wconf 83' lang='lat' dir='ltr'>regnum</span> <span class='ocrx_word' id='word_1_328' title='bbox 497 2504 606 2542; x_wconf 79' lang='lat' dir='ltr'><strong><em>BHIb</em></strong></span> <span class='ocrx_word' id='word_1_329' title='bbox 623 2516 769 2553; x_wconf 82' lang='lat' dir='ltr'>regnum</span> <span class='ocrx_word' id='word_1_330' title='bbox 785 2505 939 2543; x_wconf 87' lang='lat' dir='ltr'>celorum</span> <span class='ocrx_word' id='word_1_331' title='bbox 950 2507 979 2543; x_wconf 85' lang='lat' dir='ltr'><em>C</em></span> <span class='ocrx_word' id='word_1_332' title='bbox 1067 2508 1128 2544; x_wconf 74' lang='lat' dir='ltr'>alt.</span> <span class='ocrx_word' id='word_1_333' title='bbox 1149 2518 1296 2555; x_wconf 86' lang='lat' dir='ltr'>regnum</span> <span class='ocrx_word' id='word_1_334' title='bbox 1309 2507 1411 2543; x_wconf 84' lang='lat' dir='ltr'><strong><em>BCIb</em></strong></span> <span class='ocrx_word' id='word_1_335' title='bbox 1511 2508 1531 2542; x_wconf 84' lang='lat'><strong>2</strong></span> <span class='ocrx_word' id='word_1_336' title='bbox 1550 2506 1724 2544; x_wconf 79' lang='lat' dir='ltr'>coherceri</span> <span class='ocrx_word' id='word_1_337' title='bbox 1735 2507 1768 2542; x_wconf 92' lang='lat' dir='ltr'><em>D</em></span> 
     </span>
     <span class='ocr_line' id='line_1_35' title="bbox 195 2556 1768 2614; baseline 0 -13"><span class='ocrx_word' id='word_1_338' title='bbox 195 2565 413 2602; x_wconf 63' lang='lat' dir='ltr'>cooeroerili</span> <span class='ocrx_word' id='word_1_339' title='bbox 472 2566 494 2601; x_wconf 91' lang='lat'><strong>3</strong></span> <span class='ocrx_word' id='word_1_340' title='bbox 510 2576 657 2612; x_wconf 85' lang='lat' dir='ltr'>regnum</span> <span class='ocrx_word' id='word_1_341' title='bbox 670 2565 732 2602; x_wconf 85' lang='lat' dir='ltr'>BG</span> <span class='ocrx_word' id='word_1_342' title='bbox 798 2569 819 2603; x_wconf 84' lang='lat'>4</span> <span class='ocrx_word' id='word_1_343' title='bbox 835 2556 898 2602; x_wconf 54' lang='grc' dir='ltr'><em>ὦ</em></span> <span class='ocrx_word' id='word_1_344' title='bbox 912 2567 944 2602; x_wconf 86' lang='grc' dir='ltr'><em>Ε</em></span> <span class='ocrx_word' id='word_1_345' title='bbox 1003 2557 1053 2614; x_wconf 61' lang='lat' dir='ltr'>qd</span> <span class='ocrx_word' id='word_1_346' title='bbox 1064 2568 1097 2603; x_wconf 81' lang='lat' dir='ltr'><strong><em>A</em></strong></span> <span class='ocrx_word' id='word_1_347' title='bbox 1157 2567 1219 2614; x_wconf 90' lang='lat' dir='ltr'>qui</span> <span class='ocrx_word' id='word_1_348' title='bbox 1235 2567 1320 2614; x_wconf 89' lang='lat' dir='ltr'>non]</span> <span class='ocrx_word' id='word_1_349' title='bbox 1334 2568 1396 2614; x_wconf 91' lang='lat' dir='ltr'>qui</span> <span class='ocrx_word' id='word_1_350' title='bbox 1410 2577 1452 2603; x_wconf 73' lang='lat' dir='ltr'>ex</span> <span class='ocrx_word' id='word_1_351' title='bbox 1465 2558 1556 2614; x_wconf 65' lang='lat' dir='ltr'><em>an</em></span> <span class='ocrx_word' id='word_1_352' title='bbox 1616 2567 1638 2602; x_wconf 90' lang='lat'>5</span> <span class='ocrx_word' id='word_1_353' title='bbox 1655 2566 1730 2612; x_wconf 80' lang='lat' dir='ltr'>agit</span> <span class='ocrx_word' id='word_1_354' title='bbox 1740 2566 1768 2601; x_wconf 86' lang='lat' dir='ltr'><strong><em>C</em></strong></span> 
     </span>
     <span class='ocr_line' id='line_1_36' title="bbox 195 2623 1767 2664; baseline 0 -4"><span class='ocrx_word' id='word_1_355' title='bbox 195 2624 218 2660; x_wconf 88' lang='lat'><em>8</em></span> <span class='ocrx_word' id='word_1_356' title='bbox 242 2623 492 2662; x_wconf 78' lang='lat' dir='ltr'>nichodemum</span> <span class='ocrx_word' id='word_1_357' title='bbox 514 2625 699 2662; x_wconf 85' lang='lat' dir='ltr'><em>ABCDEI</em></span> <span class='ocrx_word' id='word_1_358' title='bbox 704 2626 735 2662; x_wconf 92' lang='lat' dir='ltr'><strong><em>T</em></strong></span> <span class='ocrx_word' id='word_1_359' title='bbox 763 2625 984 2663; x_wconf 84' lang='lat' dir='ltr'>nicodimum</span> <span class='ocrx_word' id='word_1_360' title='bbox 1001 2626 1094 2664; x_wconf 78' lang='lat' dir='ltr'>Hm]</span> <span class='ocrx_word' id='word_1_361' title='bbox 1156 2637 1259 2664; x_wconf 79' lang='lat' dir='ltr'>amen</span> <span class='ocrx_word' id='word_1_362' title='bbox 1275 2627 1333 2663; x_wconf 70' lang='lat' dir='ltr'>alt.</span> <span class='ocrx_word' id='word_1_363' title='bbox 1357 2637 1422 2663; x_wconf 85' lang='lat' dir='ltr'>om.</span> <span class='ocrx_word' id='word_1_364' title='bbox 1435 2628 1466 2663; x_wconf 88' lang='lat' dir='ltr'><em>E</em></span> <span class='ocrx_word' id='word_1_365' title='bbox 1528 2628 1550 2662; x_wconf 89' lang='grc'>9</span> <span class='ocrx_word' id='word_1_366' title='bbox 1572 2631 1714 2661; x_wconf 80' lang='lat' dir='ltr'>renatus</span> <span class='ocrx_word' id='word_1_367' title='bbox 1734 2625 1767 2661; x_wconf 93' lang='lat' dir='ltr'><em>D</em></span> 
     </span>
     <span class='ocr_line' id='line_1_37' title="bbox 201 2683 1767 2732; baseline -0.001 -11"><span class='ocrx_word' id='word_1_368' title='bbox 201 2683 246 2721; x_wconf 88' lang='grc'>10</span> <span class='ocrx_word' id='word_1_369' title='bbox 259 2683 358 2722; x_wconf 73' lang='lat' dir='ltr'>dixit</span> <span class='ocrx_word' id='word_1_370' title='bbox 370 2684 430 2722; x_wconf 85' lang='lat' dir='ltr'>hic</span> <span class='ocrx_word' id='word_1_371' title='bbox 438 2685 505 2722; x_wconf 82' lang='grc' dir='ltr'>ΕΤ</span> <span class='ocrx_word' id='word_1_372' title='bbox 590 2686 629 2721; x_wconf 93' lang='grc'>11</span> <span class='ocrx_word' id='word_1_373' title='bbox 650 2685 880 2723; x_wconf 77' lang='lat' dir='ltr'>nichodemus</span> <span class='ocrx_word' id='word_1_374' title='bbox 891 2685 1079 2723; x_wconf 81' lang='lat' dir='ltr'><em>ABC&#39;DEI</em></span> <span class='ocrx_word' id='word_1_375' title='bbox 1095 2686 1293 2724; x_wconf 81' lang='lat' dir='ltr'>nicodimus</span> <span class='ocrx_word' id='word_1_376' title='bbox 1303 2687 1395 2723; x_wconf 85' lang='lat' dir='ltr'>Hml</span> <span class='ocrx_word' id='word_1_377' title='bbox 1474 2687 1515 2722; x_wconf 84' lang='lat'>12</span> <span class='ocrx_word' id='word_1_378' title='bbox 1534 2683 1630 2732; x_wconf 83' lang='lat' dir='ltr'>cum]</span> <span class='ocrx_word' id='word_1_379' title='bbox 1644 2688 1716 2731; x_wconf 64' lang='lat' dir='ltr'>qui</span> <span class='ocrx_word' id='word_1_380' title='bbox 1735 2686 1767 2720; x_wconf 79' lang='lat' dir='ltr'><strong><em>A</em></strong></span> 
     </span>
     <span class='ocr_line' id='line_1_38' title="bbox 193 2743 1766 2792; baseline 0 -12"><span class='ocrx_word' id='word_1_381' title='bbox 193 2743 244 2780; x_wconf 78' lang='lat' dir='ltr'>sit</span> <span class='ocrx_word' id='word_1_382' title='bbox 254 2754 361 2781; x_wconf 79' lang='lat' dir='ltr'>senex</span> <span class='ocrx_word' id='word_1_383' title='bbox 371 2744 404 2781; x_wconf 80' lang='lat' dir='ltr'><strong><em>E</em></strong></span> <span class='ocrx_word' id='word_1_384' title='bbox 448 2744 665 2782; x_wconf 85' lang='lat' dir='ltr'>14introiret</span> <span class='ocrx_word' id='word_1_385' title='bbox 674 2746 755 2792; x_wconf 85' lang='lat' dir='ltr'>(om.</span> <span class='ocrx_word' id='word_1_386' title='bbox 765 2748 818 2790; x_wconf 88' lang='lat' dir='ltr'>et)</span> <span class='ocrx_word' id='word_1_387' title='bbox 828 2746 858 2782; x_wconf 87' lang='lat' dir='ltr'><em>C</em></span> <span class='ocrx_word' id='word_1_388' title='bbox 873 2745 1035 2783; x_wconf 76' lang='lat' dir='ltr'>introisse</span> <span class='ocrx_word' id='word_1_389' title='bbox 1043 2746 1081 2783; x_wconf 85' lang='lat' dir='ltr'><strong><em>H</em></strong></span> <span class='ocrx_word' id='word_1_390' title='bbox 1129 2747 1170 2783; x_wconf 90' lang='grc'>19</span> <span class='ocrx_word' id='word_1_391' title='bbox 1183 2751 1326 2784; x_wconf 81' lang='lat' dir='ltr'>renatus</span> <span class='ocrx_word' id='word_1_392' title='bbox 1340 2746 1456 2782; x_wconf 87' lang='lat' dir='ltr'><em>BCDI</em></span> <span class='ocrx_word' id='word_1_393' title='bbox 1463 2746 1493 2781; x_wconf 93' lang='lat' dir='ltr'><em>T</em></span> <span class='ocrx_word' id='word_1_394' title='bbox 1538 2745 1580 2781; x_wconf 81' lang='lat'>20</span> <span class='ocrx_word' id='word_1_395' title='bbox 1590 2755 1663 2780; x_wconf 69' lang='lat' dir='ltr'>esne</span> <span class='ocrx_word' id='word_1_396' title='bbox 1673 2744 1766 2780; x_wconf 82' lang='lat' dir='ltr'>Hml</span> 
     </span>
     <span class='ocr_line' id='line_1_39' title="bbox 196 2803 1767 2859; baseline -0.001 -18"><span class='ocrx_word' id='word_1_397' title='bbox 196 2803 240 2841; x_wconf 82' lang='lat'>23</span> <span class='ocrx_word' id='word_1_398' title='bbox 255 2807 375 2859; x_wconf 69' lang='lat' dir='ltr'>tumen</span> <span class='ocrx_word' id='word_1_399' title='bbox 391 2815 420 2841; x_wconf 70' lang='grc' dir='ltr'>ε.</span> <span class='ocrx_word' id='word_1_400' title='bbox 437 2815 516 2851; x_wconf 66' lang='grc' dir='ltr'>στρ.</span> <span class='ocrx_word' id='word_1_401' title='bbox 535 2808 657 2842; x_wconf 65' lang='lat' dir='ltr'>nutem</span> <span class='ocrx_word' id='word_1_402' title='bbox 667 2805 687 2841; x_wconf 94' lang='lat' dir='ltr'>l</span> <span class='ocrx_word' id='word_1_403' title='bbox 704 2808 825 2842; x_wconf 72' lang='lat' dir='ltr'>autem</span> <span class='ocrx_word' id='word_1_404' title='bbox 835 2806 854 2842; x_wconf 80' lang='lat' dir='ltr'><strong><em>b</em></strong></span> <span class='ocrx_word' id='word_1_405' title='bbox 900 2806 943 2844; x_wconf 81' lang='lat'>24</span> <span class='ocrx_word' id='word_1_406' title='bbox 958 2810 1044 2844; x_wconf 89' lang='lat' dir='ltr'>tunc</span> <span class='ocrx_word' id='word_1_407' title='bbox 1054 2806 1086 2842; x_wconf 85' lang='grc' dir='ltr'><strong>Ε</strong></span> <span class='ocrx_word' id='word_1_408' title='bbox 1139 2806 1268 2843; x_wconf 71' lang='lat' dir='ltr'>din-ere</span> <span class='ocrx_word' id='word_1_409' title='bbox 1279 2806 1309 2842; x_wconf 87' lang='lat' dir='ltr'><em>C</em></span> <span class='ocrx_word' id='word_1_410' title='bbox 1361 2806 1405 2841; x_wconf 83' lang='lat'>29</span> <span class='ocrx_word' id='word_1_411' title='bbox 1421 2814 1578 2851; x_wconf 72' lang='lat' dir='ltr'>seperare</span> <span class='ocrx_word' id='word_1_412' title='bbox 1590 2803 1627 2840; x_wconf 84' lang='grc' dir='ltr'><em>Η</em></span> <span class='ocrx_word' id='word_1_413' title='bbox 1639 2805 1677 2851; x_wconf 74' lang='lat' dir='ltr'>(a</span> <span class='ocrx_word' id='word_1_414' title='bbox 1690 2814 1717 2839; x_wconf 77' lang='lat' dir='ltr'>s.</span> <span class='ocrx_word' id='word_1_415' title='bbox 1733 2806 1767 2850; x_wconf 74' lang='lat' dir='ltr'>e)</span> 
     </span>
    </p>
   </div>
  </div>
 </body>
</html>
