1976 3210
256 217 314 259 40
643 226 668 261 I.
693 225 746 260 De
771 229 993 271 peccatorum
1017 225 1149 260 meritis
1172 229 1209 260 θῖ
1232 225 1431 260 remissione

259 355 559 394 uestrarum.
579 351 681 393 item
700 350 780 392 alio
799 351 907 393 loco:
936 363 1021 392 uos
1045 350 1392 405 autem,inquit,
1411 363 1568 405 genus
1592 350 1822 401 electum,

256 417 419 471 regale
448 417 803 467 sacerdotium,
833 429 952 471 gens
981 420 1171 466 sancta,
1204 415 1426 470 populus
1454 415 1505 457 in
1533 415 1822 471 adoptione,

257 487 311 524 ut
342 483 564 524 uirtutes
594 481 879 524 enuntietis
909 481 1015 523 eius
1047 481 1132 536 qui
1164 494 1250 523 uos
1278 481 1336 523 de
1363 481 1587 523 tenebris
1619 481 1826 524 uocauit

258 547 462 590 inillud
489 547 787 589 admirabile
813 547 983 588 lumen
1010 546 1823 602 suum.etiteruszhristus,inquit,

264 626 349 668 pro
385 613 606 667 peccatis
641 612 827 654 nostris
862 625 1038 667 passus
1071 616 1157 662 est,
1191 612 1359 654 iustus
1394 625 1479 667 pro
1510 612 1733 662 iniustiS,
1770 617 1823 654 ut
1850 625 1867 653 5

256 692 342 720 nos
374 678 596 720 adducat
626 678 685 720 ad
716 678 875 720 deum.
917 678 1018 719 item
1043 691 1137 720 cum
1162 683 1524 719 commemorasset
1548 677 1591 720 in
1616 691 1711 719 arca
1737 677 1824 719 Noe

256 749 350 786 octo
385 744 570 786 homines
604 743 740 786 saluos
767 743 919 785 factos:
961 743 1030 785 sic
1069 747 1117 785 et
1159 756 1258 793 uos,
1293 743 1444 798 inquit,
1471 742 1625 784 simili
1665 742 1825 784 forma

256 809 530 865 baptisma
551 809 720 851 saluos
750 803 960 851 facitst‘ab
984 809 1061 850 hac
1082 822 1176 863 ergo
1200 808 1334 850 salute
1346 814 1387 850 θῖ
1406 808 1560 851 lumine
1583 808 1705 850 alieni
1726 813 1824 850 sunt

255 874 418 930 paruuli
436 880 477 917 et
494 875 537 917 in
554 874 784 930 perditione
802 887 850 916 ac
867 874 1046 916 tenebris
1064 873 1352 925 remanebunt,
1371 873 1449 915 nisi
1467 887 1539 929 per
1556 873 1824 929 adoptionem

254 940 407 996 populo
438 940 504 982 dei
533 940 687 984 fuerint
716 940 862 983 sociati
899 945 1087 982 tenentes
1128 939 1337 982 Christum
1366 952 1535 994 passum
1564 939 1720 981 iustum
1750 952 1824 993 pro

254 1006 430 1057 iniustis,
456 1010 504 1047 ut
527 1019 595 1047 eos
618 1006 802 1047 adducat
825 1005 874 1047 ad
901 1005 1037 1047 deum.

360 1073 423 1113 42.
455 1071 522 1113 Ex
551 1071 727 1126 epistola
756 1071 883 1113 etiam
916 1070 1112 1112 Iohannis
1144 1070 1245 1112 haec
1275 1070 1376 1111 mihi
1407 1074 1687 1119 occurrerunt,
1720 1082 1826 1124 quae

255 1137 350 1179 huic
378 1137 610 1192 quaestioni
637 1136 866 1179 necessaria
892 1136 982 1178 uisa
1007 1140 1117 1178 sunt.
1148 1135 1328 1190 quodsi
1361 1135 1412 1176 in
1439 1135 1643 1185 lumine,
1672 1134 1824 1189 inquit,

254 1202 704 1253 ambulauerimus,
735 1202 870 1243 sicut
898 1206 945 1243 et
974 1201 1081 1256 ipse
1110 1206 1183 1242 est
1212 1201 1264 1242 in
1293 1200 1499 1245 lumine.
1529 1200 1826 1242 societatem

255 1267 498 1310 habemus
529 1267 579 1309 in
609 1267 832 1309 inuicem
862 1271 910 1309 θῖ
940 1266 1146 1321 sanguis
1173 1266 1288 1308 Iesu
1318 1266 1414 1307 filii
1448 1266 1554 1308 eius
1587 1264 1828 1320 purgabit

263 1346 349 1375 nos
377 1333 436 1375 ab
464 1333 603 1374 omni
629 1332 827 1375 delicto.
858 1332 960 1374 item
982 1332 1061 1374 alio
1082 1331 1190 1374 loco:
1218 1331 1255 1373 si
1284 1331 1653 1381 testimonium,
1675 1330 1825 1385 inquit,

254 1399 518 1440 hominum
553 1397 848 1453 accipimus,
884 1397 1241 1439 testimonium
1275 1397 1353 1439 dei
1388 1396 1548 1438 maius
1583 1400 1668 1446 est,
1709 1395 1827 1450 quia

254 1464 344 1506 hoc
379 1468 453 1506 est
488 1464 844 1505 testimonium
878 1463 967 1505 dei.
1019 1463 1105 1517 qui
1139 1462 1414 1504 crediderit
1448 1462 1499 1503 in
1534 1461 1702 1503 filium
1736 1460 1826 1510 dei,

254 1529 406 1571 habet
443 1528 804 1571 testimonium
841 1529 891 1570 in
928 1532 1088 1570 semet
1125 1528 1250 1583 ipso.
1294 1528 1378 1582 qui
1419 1540 1517 1569 non
1555 1526 1828 1569 crediderit

254 1595 356 1646 deo,
398 1595 687 1637 mendacem
725 1594 849 1636 facit
886 1607 1010 1645 eum,
1053 1594 1172 1648 quia
1210 1606 1309 1635 non
1346 1592 1561 1634 credidit
1597 1592 1648 1633 in
1685 1593 1826 1634 testi-

254 1660 492 1708 monium,
531 1660 664 1714 quod
698 1659 1016 1701 testificatus
1051 1664 1125 1700 est
1158 1659 1216 1701 de
1249 1658 1359 1700 filio
1393 1671 1493 1700 suo.
1546 1661 1594 1699 et
1627 1657 1717 1699 hoc
1752 1662 1823 1698 est

254 1725 626 1776 testimonium,
671 1725 790 1780 quia
831 1726 990 1767 uitam
1029 1729 1288 1767 aeternam
1327 1723 1467 1766 dedit
1508 1722 1650 1765 nobis
1688 1722 1823 1768 deus,

255 1796 303 1833 et
337 1791 457 1833 haec
495 1791 601 1833 uita
635 1790 686 1832 in
721 1791 830 1832 filio
866 1790 971 1832 eius
1007 1794 1092 1832 est.
1149 1790 1235 1844 qui
1269 1789 1421 1831 habet
1456 1788 1638 1838 filium,
1674 1787 1826 1829 habet

254 1857 433 1906 uitam;
481 1857 568 1911 qui
613 1869 711 1898 non
754 1855 905 1898 habet
948 1855 1128 1905 filium,
1177 1868 1276 1897 non
1322 1855 1481 1896 uitam
1524 1853 1687 1895 habet.
1743 1863 1827 1894 non

254 1922 387 1964 solum
411 1922 536 1977 igitur
558 1935 730 1977 regnum
754 1921 972 1972 caelorum,
999 1921 1070 1962 sed
1094 1934 1169 1963 nec
1193 1921 1326 1962 uitam
1350 1919 1513 1975 paruuli
1537 1918 1765 1968 habebunt,
1790 1917 1824 1960 si

346 2101 361 2134 1
378 2100 392 2133 Ι
407 2101 495 2134 Petr.
510 2101 540 2140 2,
553 2099 574 2134 9
605 2101 625 2134 4
640 2099 757 2134 IPetr.
771 2100 803 2140 3,
818 2099 859 2134 18
890 2099 910 2133 6
922 2098 964 2133 cf.
982 2098 995 2132 I
1010 2099 1099 2133 Petr.
1111 2098 1144 2139 3,
1156 2098 1199 2132 20
1220 2098 1238 2132 7
1254 2097 1372 2132 IPetr.
1385 2097 1417 2138 3,
1429 2098 1468 2132 21
1497 2097 1539 2132 10
1550 2096 1591 2132 cf.
1608 2096 1726 2131 IPetr.
1738 2096 1771 2137 3,
1785 2095 1826 2131 18

256 2159 297 2194 13
321 2159 336 2193 I
363 2159 435 2194 Ioh.
464 2160 493 2201 1,
520 2160 538 2193 7
633 2159 673 2194 16
697 2158 712 2192 Ι
737 2158 809 2193 Ioh.
835 2158 868 2199 5,
892 2158 1000 2192 9-12

346 2295 366 2329 2
390 2295 538 2340 populus
561 2293 805 2339 adquisitionis
825 2293 861 2328 in
880 2294 998 2339 adopt.
1023 2293 1058 2327 K
1160 2292 1385 2339 adoptionem
1405 2292 1448 2327 M
1550 2292 1573 2327 3
1592 2290 1724 2327 uirtute
1741 2290 1824 2325 Gml

256 2353 476 2389 enuntiemus
495 2352 868 2389 DmJPmJSVGAGM
884 2352 1132 2387 adnuntiemus
1150 2352 1186 2386 K
1241 2363 1302 2386 nos
1320 2352 1446 2393 KAM,
1463 2363 1526 2386 om.
1545 2350 1573 2385 0
1634 2349 1776 2385 uocabit
1796 2350 1828 2383 A

255 2416 275 2448 4
317 2413 401 2447 illud
449 2424 512 2448 om.
569 2413 639 2448 zbd
855 2411 1070 2447 ammirabile
1130 2410 1288 2446 SVPGA
1520 2409 1636 2455 inquit
1666 2400 1731 2454 iffi
1792 2408 1828 2443 K

255 2474 276 2507 5
296 2484 359 2518 pro
378 2484 442 2507 om.
465 2474 498 2507 A
597 2471 724 2518 iustus]
745 2471 856 2507 uirtus
875 2471 929 2517 (in
949 2471 1070 2516 my.m2
1089 2470 1250 2514 iustusW
1351 2481 1413 2516 pro
1433 2469 1582 2504 iniustus
1599 2469 1627 2504 S
1739 2469 1761 2503 6
1781 2467 1827 2503 ad

257 2523 341 2565 dffi
353 2533 385 2566 A
396 2532 460 2567 deo
473 2533 515 2566 M
605 2532 711 2566 archa
721 2531 756 2565 K
855 2531 876 2566 8
887 2530 1052 2576 baptismi
1062 2530 1218 2565 Km2AC
1223 2530 1253 2564 T
1351 2539 1431 2575 ergo
1441 2529 1480 2563 in
1491 2540 1554 2574 my.
1570 2529 1601 2563 P
1704 2528 1746 2563 10
1755 2529 1829 2571 post

256 2590 388 2625 iustum
406 2602 489 2626 eras.
508 2595 544 2626 et
562 2591 590 2625 L
691 2592 732 2626 12
747 2590 901 2636 epistula
919 2590 1003 2625 le
1097 2591 1139 2625 14
1154 2593 1191 2624 et
1206 2588 1429 2624 om.Gm1AC
1527 2587 1564 2623 in
1579 2586 1708 2623 lumine
1722 2589 1778 2622 est
1791 2585 1827 2621 K

257 2651 298 2686 15
318 2651 395 2685 Iesu
411 2650 538 2685 Christi
554 2651 575 2684 d
666 2649 718 2684 fili
733 2650 777 2684 M
876 2649 1041 2695 purgauit
1055 2649 1088 2684 A
1102 2652 1231 2695 purgat
1244 2647 1310 2683 KG
1410 2648 1452 2683 18
1466 2649 1540 2692 post
1553 2646 1609 2682 dei
1622 2647 1716 2682 add.:
1731 2644 1827 2691 quod

259 2709 370 2744 maius
384 2713 448 2751 θεῖ,
465 2709 548 2755 quia
562 2708 773 2745 iustificatus
787 2711 842 2744 cst
855 2708 898 2743 de
913 2708 986 2743 filio
1001 2719 1064 2743 suo
1083 2708 1161 2753 (suo
1178 2718 1241 2743 om.
1259 2707 1292 2751 b)
1309 2707 1351 2742 bd
1425 2706 1536 2742 credit
1553 2705 1582 2742 S
1671 2705 1716 2741 19
1730 2703 1828 2740 testi·

258 2768 415 2803 monium
436 2769 493 2804 dei
517 2769 554 2803 K
713 2769 756 2804 20
776 2767 960 2803 crediderit
977 2767 1004 2803 S
1163 2768 1206 2802 22
1226 2765 1327 2802 nobis
1349 2765 1446 2801 dedit
1470 2765 1536 2801 KG
1693 2765 1737 2800 24
1755 2773 1827 2799 non

256 2828 363 2863 habet
387 2827 497 2863 uitam
520 2827 592 2863 ΟΜ

1855 949 1894 978 10

1857 1276 1895 1305 15

1854 1604 1896 1632 20

1854 1929 1895 1958 25
