2028 3204
261 236 339 279 522
630 245 668 279 V.
701 244 830 281 Contra
861 242 950 278 duas
981 242 1150 288 epistulas
1181 242 1447 288 Pelagianorum

252 370 509 415 dieritis
551 383 643 419 me,
687 381 835 424 quae
876 368 1033 410 bona
1072 371 1213 410 sunt
1256 371 1463 410 terrae
1508 367 1730 419 edetis,
1777 368 1825 411 si

252 435 597 479 nolueritis
643 439 702 476 et
748 447 861 475 non
906 432 1248 476 audieritis
1296 446 1390 484 me,
1436 433 1682 488 gladius
1722 447 1827 477 uos

254 517 275 544 c
293 517 315 543 o
334 515 374 543 m
391 516 411 542 e
430 502 455 543 d
473 514 493 541 e
511 505 541 550 t,
580 512 626 541 ae
664 512 735 554 per
764 499 842 541 hoc
872 503 913 540 et
939 498 1117 554 gratiam
1146 498 1465 554 uniuscuiusque
1494 499 1647 541 bonurn
1678 513 1826 555 propo·

252 568 377 609 situm
407 566 616 615 adiuuare,
648 578 729 606 non
758 569 900 606 tamen
929 563 1150 607 reluctanti
1178 563 1362 606 studium
1399 563 1567 607 uirtutis
1600 564 1822 616 inmittere,

249 633 346 687 quia
374 643 639 686 personarum
670 629 856 684 acceptio
885 642 969 672 non
1001 633 1065 672 est
1095 629 1207 684 apud
1240 629 1388 672 deum‘.

357 697 495 739 Laude
525 700 761 738 sanctorum
790 708 875 737 sese
909 699 1131 750 contegunt
1170 695 1350 738 dicentes
1386 695 1607 750 ‘baptisma
1644 695 1824 751 perfecte

253 763 435 805 homines
464 762 672 811 innouare,
699 762 729 803 si
755 761 921 816 quidem
947 761 1157 816 apostolus
1177 760 1295 803 testis
1325 760 1391 812 sit,
1418 761 1488 816 qui
1515 774 1587 816 per
1613 761 1824 804 lauacrum

251 842 382 883 aquae
406 827 616 870 ecclesiam
638 827 687 869 de
709 826 899 882 gentibus
920 831 1106 868 sanctam
1123 826 1212 868 fieri
1230 826 1606 882 inmaculatamque
1627 831 1825 878 testatur;

252 900 443 936 sanetum
468 907 630 948 quoquo
656 892 846 947 spiritum
870 898 1030 934 mentes
1056 892 1184 934 bonas
1210 892 1251 934 in
1286 891 1466 948 antiquis
1492 892 1696 935 adiuuisse
1723 898 1825 935 tem-

251 960 420 1015 poribus
448 959 608 1000 dicente
646 958 848 1013 propheta
882 958 936 999 ad
973 957 1112 1000 deum:
1152 971 1171 1000 s
1187 971 1213 1013 p
1231 957 1243 999 i
1260 970 1279 999 r
1296 957 1308 999 i
1324 962 1342 999 t
1358 971 1386 1000 u
1402 971 1420 1000 s
1456 962 1474 999 t
1491 971 1518 1000 u
1535 971 1562 1000 u
1578 971 1596 1000 s
1632 958 1659 1000 b
1676 971 1699 1000 o
1717 971 1745 999 n
1762 972 1788 1000 u
1805 971 1822 1000 s

252 1025 279 1067 d
296 1038 316 1066 e
334 1025 360 1067 d
379 1039 403 1066 u
422 1039 441 1066 ι·
461 1038 480 1066 e
499 1030 515 1065 t
550 1037 590 1065 m
609 1038 628 1065 e
664 1023 675 1064 i
694 1037 719 1065 n
754 1023 851 1066 uia
867 1037 910 1066 m
934 1036 954 1065 r
970 1036 991 1065 e
1008 1036 1029 1065 c
1046 1027 1065 1065 t
1081 1036 1182 1074 am;
1208 1036 1347 1066 omnes
1365 1036 1527 1079 quoque
1543 1023 1762 1079 prophetas
1783 1028 1825 1065 et

252 1091 459 1145 apostolos
493 1090 557 1131 uel
591 1095 752 1131 sanctos
788 1094 873 1131 tam
907 1088 1004 1131 noui
1037 1102 1162 1144 quam
1194 1088 1346 1131 ueteris
1377 1088 1631 1140 testamenti,
1677 1089 1827 1144 quibus

252 1157 349 1198 deus
376 1155 658 1197 testimonium
684 1155 886 1210 perhibet,
914 1168 997 1197 non
1021 1154 1064 1196 in
1093 1155 1400 1210 comparatione
1426 1154 1728 1206 sceleratorum,
1754 1154 1826 1197 sed

254 1222 391 1276 regula
418 1221 620 1263 uirtutum
647 1221 775 1262 iustos
803 1220 946 1271 fuisse;
980 1220 1019 1261 in
1055 1220 1193 1262 futuro
1221 1225 1357 1262 autem
1386 1224 1571 1275 tempore
1598 1220 1826 1263 mercedem

253 1300 338 1329 esse
379 1292 467 1328 tam
509 1287 709 1328 bonorum
749 1298 921 1341 operum
961 1299 1085 1341 quam
1126 1286 1346 1336 malorum3
1400 1291 1579 1328 ceterum
1620 1285 1824 1328 neminem

253 1366 370 1408 posse
403 1366 507 1407 quae
540 1352 605 1393 hic
638 1351 927 1407 contempserit
960 1351 1040 1393 illic
1074 1352 1274 1394 mandata
1304 1351 1514 1406 perficere,
1548 1351 1646 1406 quia
1675 1350 1825 1394 dixerit

253 1418 482 1473 apostolus:
516 1422 767 1472 oportet
797 1430 902 1459 nos
931 1417 1336 1460 manifestari
1366 1422 1507 1459 ante
1539 1416 1826 1459 tribunal

254 1483 504 1534 Christi,
539 1488 602 1525 ut
637 1487 924 1538 reportet
958 1482 1388 1538 unusquisque
1423 1482 1678 1538 propria
1711 1495 1825 1524 cor·

254 1549 434 1605 poris,
473 1549 803 1591 secundum
839 1548 995 1604 quod
1029 1548 1240 1604 gessit,
1278 1548 1407 1590 siue
1444 1548 1658 1590 bonum
1695 1547 1825 1590 siue

255 1629 298 1657 m
315 1628 339 1657 a
356 1615 368 1656 l
385 1628 412 1656 u
429 1617 497 1657 m‘.

362 1680 409 1721 In
428 1680 489 1722 his
510 1680 698 1722 omnibus
719 1679 916 1735 quicquid
935 1680 1080 1722 dicunt
1099 1680 1148 1722 de
1168 1679 1287 1722 laude
1308 1683 1517 1721 creaturae
1537 1684 1662 1734 atque
1687 1678 1825 1734 nupti-

256 1759 374 1789 arum
399 1746 452 1788 ad
477 1747 554 1788 hoc
578 1745 726 1788 referre
751 1750 964 1797 conantur,
985 1750 1032 1787 ut
1056 1758 1139 1787 non
1164 1744 1217 1787 sit
1242 1744 1434 1800 originale
1459 1749 1687 1799 peccatum,
1713 1743 1824 1799 quic-

257 1812 356 1867 quid
382 1812 431 1853 de
456 1812 576 1853 laude
601 1810 699 1867 legis
721 1816 762 1853 et
788 1810 905 1852 liberi
926 1810 1097 1861 arbitrii,
1125 1811 1178 1853 ad
1203 1810 1294 1861 hoc,
1319 1815 1366 1852 ut
1391 1809 1523 1865 gratia
1547 1823 1630 1852 non
1656 1809 1825 1852 adiuuet

254 1877 332 1919 nisi
350 1877 542 1919 meritum
559 1890 606 1919 ac
624 1876 681 1918 sic
697 1876 833 1932 gratia
849 1876 931 1918 iarn
948 1889 1031 1918 non
1049 1875 1103 1918 sit
1127 1875 1273 1932 gratia.
1294 1874 1487 1931 quicquid
1508 1875 1557 1916 de
1576 1875 1695 1917 laude
1713 1887 1826 1917 sanc-

255 1947 405 1993 torum,
429 1943 482 1985 ad
505 1943 594 1993 hoc,
618 1947 665 1984 ut
687 1942 776 1984 uita
796 1941 982 1984 mortalis
1008 1941 1050 1983 in
1072 1940 1223 1984 sanctis
1247 1941 1436 1983 uideatur
1458 1953 1541 1982 non
1562 1940 1711 1982 habere
1733 1953 1826 1996 pec-

256 2014 394 2050 catum
441 2021 516 2050 nec
565 2007 619 2050 sit
672 2007 728 2050 eis
778 2007 1052 2049 necessarium
1102 2020 1174 2062 pro
1225 2006 1481 2049 dimittendis
1535 2005 1684 2048 debitis
1743 2005 1825 2048 suis

255 2073 409 2129 precari
437 2074 570 2115 deum.

364 2139 442 2181 III.
463 2141 499 2183 3.
523 2139 609 2181 Ista
625 2138 784 2180 nefaria
800 2139 995 2194 dogmata
1011 2142 1053 2180 et
1070 2137 1322 2180 damnabilia
1342 2137 1384 2179 in
1400 2137 1478 2180 hac
1493 2136 1705 2192 tripertita
1722 2136 1824 2179 diui·

257 2204 368 2247 sione
391 2204 575 2260 quisquis
595 2209 733 2246 mente
754 2204 958 2246 catholica
977 2204 1183 2254 exhorret,
1215 2203 1321 2246 illius
1344 2202 1703 2258 quinquepertitae
1725 2202 1826 2245 late-

361 2306 382 2340 3
399 2305 441 2339 cf.
461 2316 539 2351 pag.
556 2304 632 2346 469,
652 2304 691 2340 18
746 2305 767 2339 5
783 2304 826 2339 cf.
847 2305 949 2340 Rom.
968 2304 1000 2346 2,
1013 2306 1050 2339 11
1110 2304 1220 2340 6-20
1239 2303 1397 2339 lulianus
1451 2305 1472 2340 7
1488 2303 1532 2339 cf.
1550 2302 1640 2348 Eph.
1658 2303 1691 2344 5,
1708 2302 1761 2338 26.
1780 2302 1822 2337 27

258 2365 300 2400 10
318 2365 372 2400 Ps.
391 2364 465 2406 142,
484 2365 527 2400 10
592 2366 632 2399 17
653 2364 689 2398 Il
707 2364 781 2400 Cor.
799 2364 828 2406 5,
848 2365 890 2400 10
965 2363 1009 2399 24
1025 2363 1068 2399 cf.
1088 2363 1189 2398 Rom.
1210 2364 1261 2406 11,
1281 2365 1303 2400 6

362 2437 379 2471 1
407 2434 512 2470 editis
522 2434 553 2470 V
658 2435 678 2469 2
703 2445 759 2470 me
775 2446 837 2470 om.
858 2435 929 2490 O-b‘}
1040 2435 1062 2471 3
1086 2433 1286 2489 comm-edet
1301 2433 1332 2469 V
1435 2424 1567 2488 hacl
1657 2432 1771 2479 gratia
1791 2432 1824 2467 V

259 2497 280 2530 4
296 2494 492 2531 reluctandi
504 2493 641 2530 DEde
731 2495 752 2530 5
767 2494 852 2540 quia
868 2507 891 2530 n
906 2505 925 2530 e
941 2506 1029 2541 pers.
1046 2493 1210 2548 act-„Qu
1225 2504 1245 2529 e
1261 2492 1390 2539 s.l.m1)
1481 2492 1636 2529 danB
1711 2492 1734 2527 6
1749 2503 1824 2539 per·

260 2554 409 2591 fectoeo
497 2555 519 2590 9
535 2554 720 2590 adiuuasse
734 2552 836 2597 s.l.D,
849 2553 940 2590 OEF
1048 2554 1090 2590 10
1103 2553 1190 2589 dnm
1199 2553 1231 2589 Β
1329 2555 1370 2589 11
1387 2553 1532 2588 deducit
1542 2552 1572 2587 V
1671 2552 1785 2588 uitam
1796 2551 1825 2588 0

261 2615 340 2650 arato
352 2617 485 2650 rectam
503 2625 578 2658 exp.
599 2614 729 2649 bonam
740 2613 771 2648 Β
863 2617 900 2649 et
915 2614 1094 2659 apostolos
1110 2613 1299 2659 prophetas
1310 2611 1407 2648 ΒΕΓ
1495 2613 1537 2649 13
1552 2602 1618 2647 dn}
1630 2611 1663 2646 D
1735 2614 1840 2657 obpa-

261 2673 471 2710 rationemO
533 2674 574 2708 15
591 2684 736 2719 operum
745 2672 845 2708 om.V
908 2673 950 2708 16
965 2672 1162 2719 contempsi
1173 2671 1258 2709 Om1
1320 2674 1363 2708 17
1373 2662 1495 2719 uffo
1554 2671 1598 2708 22
1611 2670 1823 2718 quidquido

261 2733 305 2769 23
319 2732 402 2769 libri
417 2732 446 2769 Ο
501 2732 655 2779 gratiam
666 2731 698 2766 Β
756 2732 800 2768 24
814 2732 886 2768 iam
901 2732 1001 2768 om.B
1059 2732 1296 2779 iam—gratia
1309 2730 1451 2768 s.1.0m2
1517 2731 1560 2766 25
1575 2740 1647 2766 non
1661 2730 1824 2767 uideatur

260 2792 389 2828 habere
400 2791 432 2828 B
521 2791 564 2827 26
579 2791 613 2828 ei
622 2791 651 2827 Ο
737 2791 781 2827 28
795 2790 949 2826 nefanda
958 2790 1023 2826 EF
1111 2795 1148 2828 et
1161 2790 1382 2828 damnabilia
1396 2789 1565 2837 dogmata
1574 2790 1628 2828 Vb
1699 2789 1825 2830 linteo

260 2851 444 2897 tripartita
454 2850 559 2887 Ede
617 2850 661 2886 29
670 2850 845 2887 exorretO
904 2850 1061 2896 quinque
1077 2850 1212 2895 peritae
1221 2850 1254 2886 V

1849 643 1867 673 ὅ

1855 969 1893 999 10

1855 1297 1893 1327 15

1851 1624 1892 1654 2⁰

1853 1951 1895 1982 25
