<?xml version="1.0" encoding="UTF-8"?>
<!DOCTYPE html PUBLIC "-//W3C//DTD XHTML 1.0 Transitional//EN"
    "http://www.w3.org/TR/xhtml1/DTD/xhtml1-transitional.dtd">
<html xmlns="http://www.w3.org/1999/xhtml" xml:lang="en" lang="en">
 <head>
  <title>
</title>
<meta http-equiv="Content-Type" content="text/html;charset=utf-8" />
  <meta name='ocr-system' content='tesseract 3.04.00' />
  <meta name='ocr-capabilities' content='ocr_page ocr_carea ocr_par ocr_line ocrx_word'/>
</head>
<body>
  <div class='ocr_page' id='page_1' title='image "./corpusscriptorum60auguuoft_0409.png"; bbox 0 0 2028 3204; ppageno 0'>
   <div class='ocr_carea' id='block_1_1' title="bbox 0 0 80 3204">
    <p class='ocr_par' dir='ltr' id='par_1_1' title="bbox 0 0 80 3204">
     <span class='ocr_line' id='line_1_1' title="bbox 0 0 80 3204; baseline 0 0"><span class='ocrx_word' id='word_1_1' title='bbox 0 0 80 3204; x_wconf 95' lang='lat' dir='ltr'> </span> 
     </span>
    </p>
   </div>
   <div class='ocr_carea' id='block_1_2' title="bbox 188 918 226 946">
    <p class='ocr_par' dir='ltr' id='par_1_2' title="bbox 188 918 226 946">
     <span class='ocr_line' id='line_1_2' title="bbox 188 918 226 946; baseline -0.026 0"><span class='ocrx_word' id='word_1_2' title='bbox 188 918 226 946; x_wconf 78' lang='lat' dir='ltr'>io</span> 
     </span>
    </p>
   </div>
   <div class='ocr_carea' id='block_1_3' title="bbox 187 1373 238 1401">
    <p class='ocr_par' dir='ltr' id='par_1_3' title="bbox 187 1373 238 1401">
     <span class='ocr_line' id='line_1_3' title="bbox 187 1373 238 1401; baseline -0.02 0"><span class='ocrx_word' id='word_1_3' title='bbox 187 1373 238 1401; x_wconf 74' lang='lat'>15·</span> 
     </span>
    </p>
   </div>
   <div class='ocr_carea' id='block_1_4' title="bbox 183 1701 224 1730">
    <p class='ocr_par' dir='ltr' id='par_1_4' title="bbox 183 1701 224 1730">
     <span class='ocr_line' id='line_1_4' title="bbox 183 1701 224 1730; baseline -0.024 0"><span class='ocrx_word' id='word_1_4' title='bbox 183 1701 224 1730; x_wconf 84' lang='lat'>20</span> 
     </span>
    </p>
   </div>
   <div class='ocr_carea' id='block_1_5' title="bbox 767 183 1836 233">
    <p class='ocr_par' dir='ltr' id='par_1_5' title="bbox 767 183 1836 233">
     <span class='ocr_line' id='line_1_5' title="bbox 767 183 1836 233; baseline 0.002 -9"><span class='ocrx_word' id='word_1_5' title='bbox 767 187 856 226; x_wconf 75' lang='lat' dir='ltr'>iiber</span> <span class='ocrx_word' id='word_1_6' title='bbox 890 188 946 224; x_wconf 94' lang='lat'>111</span> <span class='ocrx_word' id='word_1_7' title='bbox 980 189 1033 231; x_wconf 81' lang='lat'>15,</span> <span class='ocrx_word' id='word_1_8' title='bbox 1066 189 1207 226; x_wconf 84' lang='lat' dir='ltr'>22-1v</span> <span class='ocrx_word' id='word_1_9' title='bbox 1240 192 1269 233; x_wconf 80' lang='lat'>1,</span> <span class='ocrx_word' id='word_1_10' title='bbox 1301 193 1315 227; x_wconf 89' lang='lat'>1</span> <span class='ocrx_word' id='word_1_11' title='bbox 1755 183 1836 226; x_wconf 82' lang='grc'>379</span> 
     </span>
    </p>
   </div>
   <div class='ocr_carea' id='block_1_6' title="bbox 254 312 1838 951">
    <p class='ocr_par' dir='ltr' id='par_1_6' title="bbox 254 312 1838 951">
     <span class='ocr_line' id='line_1_6' title="bbox 258 312 1837 371; baseline 0.003 -15"><span class='ocrx_word' id='word_1_12' title='bbox 258 327 284 356; x_wconf 83' lang='lat' dir='ltr'>a</span> <span class='ocrx_word' id='word_1_13' title='bbox 301 312 386 356; x_wconf 87' lang='lat' dir='ltr'>fide</span> <span class='ocrx_word' id='word_1_14' title='bbox 407 313 615 357; x_wconf 87' lang='lat' dir='ltr'>catholica</span> <span class='ocrx_word' id='word_1_15' title='bbox 634 313 862 366; x_wconf 73' lang='lat' dir='ltr'>recessisse,</span> <span class='ocrx_word' id='word_1_16' title='bbox 886 314 1078 371; x_wconf 84' lang='lat' dir='ltr'>quamuis</span> <span class='ocrx_word' id='word_1_17' title='bbox 1100 329 1150 358; x_wconf 86' lang='lat' dir='ltr'>ea</span> <span class='ocrx_word' id='word_1_18' title='bbox 1169 315 1267 359; x_wconf 81' lang='lat' dir='ltr'>fidei</span> <span class='ocrx_word' id='word_1_19' title='bbox 1291 316 1374 361; x_wconf 84' lang='lat' dir='ltr'>sint</span> <span class='ocrx_word' id='word_1_20' title='bbox 1396 317 1574 360; x_wconf 84' lang='lat' dir='ltr'>aduersa</span> <span class='ocrx_word' id='word_1_21' title='bbox 1595 318 1837 366; x_wconf 76' lang='lat' dir='ltr'>catholicae,</span> 
     </span>
     <span class='ocr_line' id='line_1_7' title="bbox 256 378 1837 433; baseline 0.003 -12"><span class='ocrx_word' id='word_1_22' title='bbox 256 378 289 421; x_wconf 90' lang='lat' dir='ltr'>si</span> <span class='ocrx_word' id='word_1_23' title='bbox 305 391 445 422; x_wconf 86' lang='lat' dir='ltr'>coram</span> <span class='ocrx_word' id='word_1_24' title='bbox 460 379 551 431; x_wconf 86' lang='lat' dir='ltr'>deo,</span> <span class='ocrx_word' id='word_1_25' title='bbox 568 379 684 425; x_wconf 88' lang='lat' dir='ltr'>cuius</span> <span class='ocrx_word' id='word_1_26' title='bbox 699 379 740 423; x_wconf 92' lang='lat' dir='ltr'>in</span> <span class='ocrx_word' id='word_1_27' title='bbox 755 379 909 424; x_wconf 89' lang='lat' dir='ltr'>nullius</span> <span class='ocrx_word' id='word_1_28' title='bbox 925 381 1047 424; x_wconf 90' lang='lat' dir='ltr'>corde</span> <span class='ocrx_word' id='word_1_29' title='bbox 1063 380 1205 424; x_wconf 91' lang='lat' dir='ltr'>oculus</span> <span class='ocrx_word' id='word_1_30' title='bbox 1221 381 1392 433; x_wconf 85' lang='lat' dir='ltr'>fallitur,</span> <span class='ocrx_word' id='word_1_31' title='bbox 1410 382 1612 426; x_wconf 88' lang='lat' dir='ltr'>ueraciter</span> <span class='ocrx_word' id='word_1_32' title='bbox 1628 389 1669 426; x_wconf 89' lang='lat' dir='ltr'>te</span> <span class='ocrx_word' id='word_1_33' title='bbox 1684 384 1837 427; x_wconf 87' lang='lat' dir='ltr'>dixisse</span> 
     </span>
     <span class='ocr_line' id='line_1_8' title="bbox 255 444 1835 505; baseline 0.003 -18"><span class='ocrx_word' id='word_1_34' title='bbox 255 444 458 500; x_wconf 82' lang='lat' dir='ltr'>resipiscis</span> <span class='ocrx_word' id='word_1_35' title='bbox 477 446 573 489; x_wconf 90' lang='lat' dir='ltr'>‘non</span> <span class='ocrx_word' id='word_1_36' title='bbox 590 451 632 489; x_wconf 90' lang='lat' dir='ltr'>te</span> <span class='ocrx_word' id='word_1_37' title='bbox 650 445 728 489; x_wconf 91' lang='lat' dir='ltr'>tibi</span> <span class='ocrx_word' id='word_1_38' title='bbox 745 445 823 502; x_wconf 89' lang='lat' dir='ltr'>ipsi</span> <span class='ocrx_word' id='word_1_39' title='bbox 839 460 926 491; x_wconf 88' lang='lat' dir='ltr'>esse</span> <span class='ocrx_word' id='word_1_40' title='bbox 943 446 1158 490; x_wconf 91' lang='lat' dir='ltr'>credulum</span> <span class='ocrx_word' id='word_1_41' title='bbox 1176 447 1342 503; x_wconf 83' lang='lat' dir='ltr'>probari</span> <span class='ocrx_word' id='word_1_42' title='bbox 1360 463 1408 491; x_wconf 87' lang='lat' dir='ltr'>ea</span> <span class='ocrx_word' id='word_1_43' title='bbox 1425 462 1531 504; x_wconf 86' lang='lat' dir='ltr'>quae</span> <span class='ocrx_word' id='word_1_44' title='bbox 1547 449 1700 492; x_wconf 79' lang='lat' dir='ltr'>dixeris</span> <span class='ocrx_word' id='word_1_45' title='bbox 1718 463 1835 505; x_wconf 84' lang='lat' dir='ltr'>posse</span> 
     </span>
     <span class='ocr_line' id='line_1_9' title="bbox 254 510 1836 570; baseline 0.002 -17"><span class='ocrx_word' id='word_1_46' title='bbox 254 524 303 554; x_wconf 90' lang='lat' dir='ltr'>ac</span> <span class='ocrx_word' id='word_1_47' title='bbox 322 510 490 554; x_wconf 89' lang='lat' dir='ltr'>studere</span> <span class='ocrx_word' id='word_1_48' title='bbox 509 516 551 554; x_wconf 90' lang='lat' dir='ltr'>te</span> <span class='ocrx_word' id='word_1_49' title='bbox 571 525 733 568; x_wconf 88' lang='lat' dir='ltr'>semper</span> <span class='ocrx_word' id='word_1_50' title='bbox 751 512 880 555; x_wconf 86' lang='lat' dir='ltr'>etiam</span> <span class='ocrx_word' id='word_1_51' title='bbox 898 512 1111 568; x_wconf 82' lang='lat' dir='ltr'><strong>propriam</strong></span> <span class='ocrx_word' id='word_1_52' title='bbox 1130 514 1381 556; x_wconf 84' lang='lat' dir='ltr'>sententiam</span> <span class='ocrx_word' id='word_1_53' title='bbox 1401 528 1482 556; x_wconf 90' lang='lat' dir='ltr'>non</span> <span class='ocrx_word' id='word_1_54' title='bbox 1504 515 1624 565; x_wconf 86' lang='lat' dir='ltr'>tueri,</span> <span class='ocrx_word' id='word_1_55' title='bbox 1646 515 1679 557; x_wconf 87' lang='lat' dir='ltr'>si</span> <span class='ocrx_word' id='word_1_56' title='bbox 1699 515 1836 570; x_wconf 88' lang='lat' dir='ltr'>inpro-</span> 
     </span>
     <span class='ocr_line' id='line_1_10' title="bbox 256 575 1835 634; baseline 0.002 -15"><span class='ocrx_word' id='word_1_57' title='bbox 256 575 405 619; x_wconf 83' lang='lat' dir='ltr'>babilis</span> <span class='ocrx_word' id='word_1_58' title='bbox 435 577 669 633; x_wconf 80' lang='lat' dir='ltr'>detegatur,</span> <span class='ocrx_word' id='word_1_59' title='bbox 701 592 748 621; x_wconf 88' lang='lat' dir='ltr'>eo</span> <span class='ocrx_word' id='word_1_60' title='bbox 779 578 889 633; x_wconf 64' lang='lat' dir='ltr'>quoi</span> <span class='ocrx_word' id='word_1_61' title='bbox 919 578 975 621; x_wconf 89' lang='lat' dir='ltr'>sit</span> <span class='ocrx_word' id='word_1_62' title='bbox 1004 578 1081 620; x_wconf 89' lang='lat' dir='ltr'>tibi</span> <span class='ocrx_word' id='word_1_63' title='bbox 1112 579 1223 621; x_wconf 90' lang='lat' dir='ltr'>cordi</span> <span class='ocrx_word' id='word_1_64' title='bbox 1256 580 1421 634; x_wconf 88' lang='lat' dir='ltr'>proprio</span> <span class='ocrx_word' id='word_1_65' title='bbox 1452 580 1653 623; x_wconf 86' lang='lat' dir='ltr'>damnato</span> <span class='ocrx_word' id='word_1_66' title='bbox 1684 581 1835 624; x_wconf 92' lang='lat' dir='ltr'>iudicio</span> 
     </span>
     <span class='ocr_line' id='line_1_11' title="bbox 254 642 1837 701; baseline 0.002 -15"><span class='ocrx_word' id='word_1_67' title='bbox 254 642 426 686; x_wconf 81' lang='lat' dir='ltr'>meliora</span> <span class='ocrx_word' id='word_1_68' title='bbox 440 643 572 698; x_wconf 89' lang='lat' dir='ltr'>magis</span> <span class='ocrx_word' id='word_1_69' title='bbox 590 648 634 686; x_wconf 89' lang='lat' dir='ltr'>et</span> <span class='ocrx_word' id='word_1_70' title='bbox 651 656 756 700; x_wconf 89' lang='lat' dir='ltr'>quae</span> <span class='ocrx_word' id='word_1_71' title='bbox 773 644 858 686; x_wconf 89' lang='lat' dir='ltr'>sint</span> <span class='ocrx_word' id='word_1_72' title='bbox 874 644 1036 687; x_wconf 87' lang='lat' dir='ltr'>ueriora</span> <span class='ocrx_word' id='word_1_73' title='bbox 1051 644 1229 688; x_wconf 77' lang='lat' dir='ltr'>sectari‘.</span> <span class='ocrx_word' id='word_1_74' title='bbox 1264 645 1341 687; x_wconf 88' lang='lat' dir='ltr'>iste</span> <span class='ocrx_word' id='word_1_75' title='bbox 1360 646 1512 701; x_wconf 86' lang='lat' dir='ltr'>quippe</span> <span class='ocrx_word' id='word_1_76' title='bbox 1529 646 1692 689; x_wconf 85' lang='lat' dir='ltr'>animus</span> <span class='ocrx_word' id='word_1_77' title='bbox 1710 647 1837 689; x_wconf 88' lang='lat' dir='ltr'>etiam</span> 
     </span>
     <span class='ocr_line' id='line_1_12' title="bbox 255 708 1834 768; baseline 0.003 -17"><span class='ocrx_word' id='word_1_78' title='bbox 255 709 295 751; x_wconf 89' lang='lat' dir='ltr'>in</span> <span class='ocrx_word' id='word_1_79' title='bbox 321 708 444 752; x_wconf 89' lang='lat' dir='ltr'>dictis</span> <span class='ocrx_word' id='word_1_80' title='bbox 470 723 542 764; x_wconf 89' lang='lat' dir='ltr'>per</span> <span class='ocrx_word' id='word_1_81' title='bbox 568 709 847 765; x_wconf 84' lang='lat' dir='ltr'>ignorantiam</span> <span class='ocrx_word' id='word_1_82' title='bbox 873 723 955 753; x_wconf 92' lang='lat' dir='ltr'>non</span> <span class='ocrx_word' id='word_1_83' title='bbox 981 710 1195 753; x_wconf 81' lang='lat' dir='ltr'>catholicis</span> <span class='ocrx_word' id='word_1_84' title='bbox 1222 711 1312 766; x_wconf 83' lang='lat' dir='ltr'>ipsa</span> <span class='ocrx_word' id='word_1_85' title='bbox 1337 717 1401 755; x_wconf 87' lang='lat' dir='ltr'>est</span> <span class='ocrx_word' id='word_1_86' title='bbox 1427 713 1691 755; x_wconf 78' lang='lat' dir='ltr'>correctionis</span> <span class='ocrx_word' id='word_1_87' title='bbox 1720 727 1834 768; x_wconf 86' lang='lat' dir='ltr'>prae-</span> 
     </span>
     <span class='ocr_line' id='line_1_13' title="bbox 254 774 1837 831; baseline 0.003 -14"><span class='ocrx_word' id='word_1_88' title='bbox 254 774 528 818; x_wconf 82' lang='lat' dir='ltr'>meditatione</span> <span class='ocrx_word' id='word_1_89' title='bbox 553 788 602 819; x_wconf 90' lang='lat' dir='ltr'>ac</span> <span class='ocrx_word' id='word_1_90' title='bbox 627 776 945 831; x_wconf 80' lang='lat' dir='ltr'>praeparatione</span> <span class='ocrx_word' id='word_1_91' title='bbox 971 776 1213 820; x_wconf 87' lang='lat' dir='ltr'>catholicus.</span> <span class='ocrx_word' id='word_1_92' title='bbox 1256 778 1326 820; x_wconf 89' lang='lat' dir='ltr'>sed</span> <span class='ocrx_word' id='word_1_93' title='bbox 1355 777 1431 819; x_wconf 88' lang='lat' dir='ltr'>iste</span> <span class='ocrx_word' id='word_1_94' title='bbox 1458 778 1513 820; x_wconf 89' lang='lat' dir='ltr'>sit</span> <span class='ocrx_word' id='word_1_95' title='bbox 1538 779 1687 821; x_wconf 87' lang='lat' dir='ltr'>modus</span> <span class='ocrx_word' id='word_1_96' title='bbox 1714 779 1837 821; x_wconf 78' lang='lat' dir='ltr'>huius</span> 
     </span>
     <span class='ocr_line' id='line_1_14' title="bbox 255 841 1838 900; baseline 0.003 -17"><span class='ocrx_word' id='word_1_97' title='bbox 255 841 489 893; x_wconf 84' lang='lat' dir='ltr'>uoluminis,</span> <span class='ocrx_word' id='word_1_98' title='bbox 514 841 583 884; x_wconf 91' lang='lat' dir='ltr'>ubi</span> <span class='ocrx_word' id='word_1_99' title='bbox 605 842 838 899; x_wconf 85' lang='lat' dir='ltr'>requiescat</span> <span class='ocrx_word' id='word_1_100' title='bbox 860 842 1075 897; x_wconf 88' lang='lat' dir='ltr'>paululum</span> <span class='ocrx_word' id='word_1_101' title='bbox 1096 842 1239 894; x_wconf 80' lang='lat' dir='ltr'>lector,</span> <span class='ocrx_word' id='word_1_102' title='bbox 1263 848 1311 885; x_wconf 86' lang='lat' dir='ltr'>ut</span> <span class='ocrx_word' id='word_1_103' title='bbox 1332 844 1384 886; x_wconf 85' lang='lat' dir='ltr'>ad</span> <span class='ocrx_word' id='word_1_104' title='bbox 1407 858 1455 886; x_wconf 88' lang='lat' dir='ltr'>ea</span> <span class='ocrx_word' id='word_1_105' title='bbox 1477 857 1582 899; x_wconf 85' lang='lat' dir='ltr'>quae</span> <span class='ocrx_word' id='word_1_106' title='bbox 1604 850 1838 900; x_wconf 86' lang='lat' dir='ltr'>sequuntur</span> 
     </span>
     <span class='ocr_line' id='line_1_15' title="bbox 256 907 1207 951; baseline 0.002 -2"><span class='ocrx_word' id='word_1_107' title='bbox 256 907 342 949; x_wconf 90' lang='lat' dir='ltr'>eius</span> <span class='ocrx_word' id='word_1_108' title='bbox 372 907 549 950; x_wconf 87' lang='lat' dir='ltr'>intentio</span> <span class='ocrx_word' id='word_1_109' title='bbox 579 907 634 950; x_wconf 89' lang='lat' dir='ltr'>ab</span> <span class='ocrx_word' id='word_1_110' title='bbox 663 907 744 951; x_wconf 87' lang='lat' dir='ltr'>alio</span> <span class='ocrx_word' id='word_1_111' title='bbox 772 914 995 951; x_wconf 88' lang='lat' dir='ltr'>renouetur</span> <span class='ocrx_word' id='word_1_112' title='bbox 1024 909 1207 951; x_wconf 87' lang='lat' dir='ltr'>exordio.</span> 
     </span>
    </p>
   </div>
   <div class='ocr_carea' id='block_1_7' title="bbox 380 1062 1710 1113">
    <p class='ocr_par' dir='ltr' id='par_1_7' title="bbox 380 1062 1710 1113">
     <span class='ocr_line' id='line_1_16' title="bbox 380 1062 1710 1113; baseline 0.002 -9"><span class='ocrx_word' id='word_1_113' title='bbox 380 1062 555 1105; x_wconf 89' lang='lat' dir='ltr'>LIBER</span> <span class='ocrx_word' id='word_1_114' title='bbox 592 1062 866 1113; x_wconf 86' lang='lat' dir='ltr'><strong>QVARTVS.</strong></span> <span class='ocrx_word' id='word_1_115' title='bbox 903 1064 978 1105; x_wconf 88' lang='grc' dir='ltr'>ΑΙ)</span> <span class='ocrx_word' id='word_1_116' title='bbox 1012 1063 1373 1106; x_wconf 74' lang='lat' dir='ltr'>VINoEN‘HVM</span> <span class='ocrx_word' id='word_1_117' title='bbox 1407 1065 1710 1107; x_wconf 71' lang='lat' dir='ltr'>vloTOREM.</span> 
     </span>
    </p>
   </div>
   <div class='ocr_carea' id='block_1_8' title="bbox 252 1164 1837 1946">
    <p class='ocr_par' dir='ltr' id='par_1_8' title="bbox 252 1164 1837 1946">
     <span class='ocr_line' id='line_1_17' title="bbox 362 1164 1834 1223; baseline 0.003 -17"><span class='ocrx_word' id='word_1_118' title='bbox 362 1164 394 1207; x_wconf 95' lang='grc' dir='ltr'>Ι.</span> <span class='ocrx_word' id='word_1_119' title='bbox 420 1166 455 1207; x_wconf 94' lang='grc'>1.</span> <span class='ocrx_word' id='word_1_120' title='bbox 480 1165 631 1220; x_wconf 83' lang='lat' dir='ltr'>Accipe</span> <span class='ocrx_word' id='word_1_121' title='bbox 654 1178 764 1208; x_wconf 88' lang='lat' dir='ltr'>nune</span> <span class='ocrx_word' id='word_1_122' title='bbox 786 1165 869 1208; x_wconf 89' lang='lat' dir='ltr'>iam</span> <span class='ocrx_word' id='word_1_123' title='bbox 891 1166 1019 1208; x_wconf 87' lang='lat' dir='ltr'>etiam</span> <span class='ocrx_word' id='word_1_124' title='bbox 1041 1166 1090 1208; x_wconf 90' lang='lat' dir='ltr'>de</span> <span class='ocrx_word' id='word_1_125' title='bbox 1113 1180 1178 1208; x_wconf 90' lang='lat' dir='ltr'>me</span> <span class='ocrx_word' id='word_1_126' title='bbox 1202 1167 1290 1222; x_wconf 83' lang='lat' dir='ltr'>ipso</span> <span class='ocrx_word' id='word_1_127' title='bbox 1314 1180 1419 1222; x_wconf 82' lang='lat' dir='ltr'>quae</span> <span class='ocrx_word' id='word_1_128' title='bbox 1443 1167 1519 1208; x_wconf 88' lang='lat' dir='ltr'>tibi</span> <span class='ocrx_word' id='word_1_129' title='bbox 1541 1167 1675 1209; x_wconf 87' lang='lat' dir='ltr'>dicere</span> <span class='ocrx_word' id='word_1_130' title='bbox 1698 1169 1834 1223; x_wconf 82' lang='lat' dir='ltr'>cupio,</span> 
     </span>
     <span class='ocr_line' id='line_1_18' title="bbox 254 1229 1836 1285; baseline 0.003 -13"><span class='ocrx_word' id='word_1_131' title='bbox 254 1229 286 1271; x_wconf 83' lang='lat' dir='ltr'>si</span> <span class='ocrx_word' id='word_1_132' title='bbox 306 1230 473 1285; x_wconf 83' lang='lat' dir='ltr'>possim,</span> <span class='ocrx_word' id='word_1_133' title='bbox 493 1231 572 1273; x_wconf 89' lang='lat' dir='ltr'>hoc</span> <span class='ocrx_word' id='word_1_134' title='bbox 590 1237 667 1282; x_wconf 83' lang='lat' dir='ltr'>est,</span> <span class='ocrx_word' id='word_1_135' title='bbox 687 1231 720 1273; x_wconf 85' lang='lat' dir='ltr'>si</span> <span class='ocrx_word' id='word_1_136' title='bbox 740 1231 805 1273; x_wconf 89' lang='lat' dir='ltr'>ille</span> <span class='ocrx_word' id='word_1_137' title='bbox 824 1232 1061 1282; x_wconf 85' lang='lat' dir='ltr'>donauerit,</span> <span class='ocrx_word' id='word_1_138' title='bbox 1082 1232 1122 1274; x_wconf 92' lang='lat' dir='ltr'>in</span> <span class='ocrx_word' id='word_1_139' title='bbox 1142 1233 1257 1274; x_wconf 89' lang='lat' dir='ltr'>cuius</span> <span class='ocrx_word' id='word_1_140' title='bbox 1275 1247 1403 1275; x_wconf 83' lang='lat' dir='ltr'>manu</span> <span class='ocrx_word' id='word_1_141' title='bbox 1423 1238 1522 1275; x_wconf 90' lang='lat' dir='ltr'>sunt</span> <span class='ocrx_word' id='word_1_142' title='bbox 1541 1239 1582 1275; x_wconf 87' lang='lat' dir='ltr'>et</span> <span class='ocrx_word' id='word_1_143' title='bbox 1603 1247 1675 1275; x_wconf 90' lang='lat' dir='ltr'>nos</span> <span class='ocrx_word' id='word_1_144' title='bbox 1695 1240 1737 1275; x_wconf 88' lang='lat' dir='ltr'>et</span> <span class='ocrx_word' id='word_1_145' title='bbox 1756 1248 1836 1276; x_wconf 89' lang='lat' dir='ltr'>ser-</span> 
     </span>
     <span class='ocr_line' id='line_1_19' title="bbox 253 1296 1835 1353; baseline 0.003 -15"><span class='ocrx_word' id='word_1_146' title='bbox 253 1310 395 1338; x_wconf 84' lang='lat' dir='ltr'>mones</span> <span class='ocrx_word' id='word_1_147' title='bbox 423 1296 567 1339; x_wconf 86' lang='lat' dir='ltr'>nostri.</span> <span class='ocrx_word' id='word_1_148' title='bbox 609 1297 909 1351; x_wconf 82' lang='lat' dir='ltr'>reprehendisti</span> <span class='ocrx_word' id='word_1_149' title='bbox 935 1298 1045 1340; x_wconf 88' lang='lat' dir='ltr'>enim</span> <span class='ocrx_word' id='word_1_150' title='bbox 1070 1312 1135 1340; x_wconf 89' lang='lat' dir='ltr'>me</span> <span class='ocrx_word' id='word_1_151' title='bbox 1163 1297 1224 1340; x_wconf 82' lang='lat' dir='ltr'>bis</span> <span class='ocrx_word' id='word_1_152' title='bbox 1250 1311 1422 1340; x_wconf 90' lang='lat' dir='ltr'>numero</span> <span class='ocrx_word' id='word_1_153' title='bbox 1448 1299 1682 1353; x_wconf 79' lang='lat' dir='ltr'>exprimens</span> <span class='ocrx_word' id='word_1_154' title='bbox 1709 1300 1835 1342; x_wconf 84' lang='lat' dir='ltr'>etiam</span> 
     </span>
     <span class='ocr_line' id='line_1_20' title="bbox 255 1363 1835 1419; baseline 0.002 -15"><span class='ocrx_word' id='word_1_155' title='bbox 255 1376 395 1404; x_wconf 86' lang='lat' dir='ltr'>meum</span> <span class='ocrx_word' id='word_1_156' title='bbox 423 1376 573 1404; x_wconf 86' lang='lat' dir='ltr'>nomen</span> <span class='ocrx_word' id='word_1_157' title='bbox 603 1368 644 1404; x_wconf 84' lang='lat' dir='ltr'>et</span> <span class='ocrx_word' id='word_1_158' title='bbox 672 1376 767 1405; x_wconf 92' lang='lat' dir='ltr'>cum</span> <span class='ocrx_word' id='word_1_159' title='bbox 795 1368 836 1405; x_wconf 88' lang='lat' dir='ltr'>te</span> <span class='ocrx_word' id='word_1_160' title='bbox 866 1363 906 1405; x_wconf 91' lang='lat' dir='ltr'>in</span> <span class='ocrx_word' id='word_1_161' title='bbox 935 1363 1135 1419; x_wconf 89' lang='lat' dir='ltr'>principio</span> <span class='ocrx_word' id='word_1_162' title='bbox 1165 1363 1257 1406; x_wconf 88' lang='lat' dir='ltr'>libri</span> <span class='ocrx_word' id='word_1_163' title='bbox 1287 1364 1348 1406; x_wconf 88' lang='lat' dir='ltr'>tui</span> <span class='ocrx_word' id='word_1_164' title='bbox 1378 1364 1595 1419; x_wconf 84' lang='lat' dir='ltr'>inperitiae</span> <span class='ocrx_word' id='word_1_165' title='bbox 1624 1371 1720 1407; x_wconf 85' lang='lat' dir='ltr'>tuae</span> <span class='ocrx_word' id='word_1_166' title='bbox 1749 1379 1835 1408; x_wconf 86' lang='lat' dir='ltr'>am-</span> 
     </span>
     <span class='ocr_line' id='line_1_21' title="bbox 254 1427 1833 1481; baseline 0.002 -12"><span class='ocrx_word' id='word_1_167' title='bbox 254 1427 425 1470; x_wconf 87' lang='lat' dir='ltr'>modum</span> <span class='ocrx_word' id='word_1_168' title='bbox 447 1429 659 1470; x_wconf 88' lang='lat' dir='ltr'>conscium</span> <span class='ocrx_word' id='word_1_169' title='bbox 680 1434 722 1470; x_wconf 87' lang='lat' dir='ltr'>et</span> <span class='ocrx_word' id='word_1_170' title='bbox 743 1429 958 1471; x_wconf 86' lang='lat' dir='ltr'>doctrinae</span> <span class='ocrx_word' id='word_1_171' title='bbox 980 1429 1245 1471; x_wconf 87' lang='lat' dir='ltr'>amminiculo</span> <span class='ocrx_word' id='word_1_172' title='bbox 1267 1429 1533 1481; x_wconf 82' lang='lat' dir='ltr'>destitutum,</span> <span class='ocrx_word' id='word_1_173' title='bbox 1555 1444 1621 1472; x_wconf 92' lang='lat' dir='ltr'>me</span> <span class='ocrx_word' id='word_1_174' title='bbox 1645 1445 1740 1473; x_wconf 83' lang='lat' dir='ltr'>uero</span> <span class='ocrx_word' id='word_1_175' title='bbox 1764 1431 1833 1473; x_wconf 91' lang='lat' dir='ltr'>ubi</span> 
     </span>
     <span class='ocr_line' id='line_1_22' title="bbox 253 1493 1834 1551; baseline 0.002 -16"><span class='ocrx_word' id='word_1_176' title='bbox 253 1493 479 1536; x_wconf 84' lang='lat' dir='ltr'>nominasti</span> <span class='ocrx_word' id='word_1_177' title='bbox 510 1493 800 1538; x_wconf 88' lang='lat' dir='ltr'>doctissimum</span> <span class='ocrx_word' id='word_1_178' title='bbox 831 1508 879 1536; x_wconf 87' lang='lat' dir='ltr'>ac</span> <span class='ocrx_word' id='word_1_179' title='bbox 910 1495 1207 1550; x_wconf 82' lang='lat' dir='ltr'>peritissimum</span> <span class='ocrx_word' id='word_1_180' title='bbox 1238 1495 1403 1545; x_wconf 73' lang='lat' dir='ltr'>dixeris,</span> <span class='ocrx_word' id='word_1_181' title='bbox 1438 1502 1578 1538; x_wconf 85' lang='lat' dir='ltr'>tamen</span> <span class='ocrx_word' id='word_1_182' title='bbox 1611 1496 1761 1551; x_wconf 91' lang='lat' dir='ltr'>quibus</span> <span class='ocrx_word' id='word_1_183' title='bbox 1795 1497 1834 1539; x_wconf 89' lang='lat' dir='ltr'>in</span> 
     </span>
     <span class='ocr_line' id='line_1_23' title="bbox 252 1559 1833 1617; baseline 0.002 -16"><span class='ocrx_word' id='word_1_184' title='bbox 252 1559 374 1601; x_wconf 89' lang='lat' dir='ltr'>rebus</span> <span class='ocrx_word' id='word_1_185' title='bbox 395 1559 470 1602; x_wconf 88' lang='lat' dir='ltr'>tibi</span> <span class='ocrx_word' id='word_1_186' title='bbox 491 1559 602 1603; x_wconf 87' lang='lat' dir='ltr'>uisus</span> <span class='ocrx_word' id='word_1_187' title='bbox 622 1574 663 1602; x_wconf 76' lang='lat' dir='ltr'>es</span> <span class='ocrx_word' id='word_1_188' title='bbox 683 1572 802 1602; x_wconf 85' lang='lat' dir='ltr'>nosse</span> <span class='ocrx_word' id='word_1_189' title='bbox 823 1560 933 1616; x_wconf 89' lang='lat' dir='ltr'>quod</span> <span class='ocrx_word' id='word_1_190' title='bbox 953 1574 1027 1616; x_wconf 89' lang='lat' dir='ltr'>ego</span> <span class='ocrx_word' id='word_1_191' title='bbox 1047 1561 1113 1603; x_wconf 89' lang='lat' dir='ltr'>uel</span> <span class='ocrx_word' id='word_1_192' title='bbox 1131 1561 1286 1604; x_wconf 87' lang='lat' dir='ltr'>nescire</span> <span class='ocrx_word' id='word_1_193' title='bbox 1304 1575 1370 1603; x_wconf 89' lang='lat' dir='ltr'>me</span> <span class='ocrx_word' id='word_1_194' title='bbox 1389 1562 1523 1604; x_wconf 86' lang='lat' dir='ltr'>fateor</span> <span class='ocrx_word' id='word_1_195' title='bbox 1542 1561 1621 1612; x_wconf 86' lang='lat' dir='ltr'>uel,</span> <span class='ocrx_word' id='word_1_196' title='bbox 1644 1562 1833 1617; x_wconf 64' lang='lat' dir='ltr'>quamuis</span> 
     </span>
     <span class='ocr_line' id='line_1_24' title="bbox 253 1624 1834 1682; baseline 0.002 -16"><span class='ocrx_word' id='word_1_197' title='bbox 253 1624 446 1675; x_wconf 86' lang='lat' dir='ltr'>nesciam,</span> <span class='ocrx_word' id='word_1_198' title='bbox 468 1624 570 1669; x_wconf 81' lang='lat' dir='ltr'>scire</span> <span class='ocrx_word' id='word_1_199' title='bbox 589 1638 822 1680; x_wconf 85' lang='lat' dir='ltr'>praesumo,</span> <span class='ocrx_word' id='word_1_200' title='bbox 844 1625 1040 1668; x_wconf 89' lang='lat' dir='ltr'>libertate</span> <span class='ocrx_word' id='word_1_201' title='bbox 1061 1639 1145 1682; x_wconf 91' lang='lat' dir='ltr'>qua</span> <span class='ocrx_word' id='word_1_202' title='bbox 1162 1626 1385 1681; x_wconf 85' lang='lat' dir='ltr'>oportebat</span> <span class='ocrx_word' id='word_1_203' title='bbox 1404 1639 1487 1668; x_wconf 93' lang='lat' dir='ltr'>non</span> <span class='ocrx_word' id='word_1_204' title='bbox 1508 1632 1676 1669; x_wconf 86' lang='lat' dir='ltr'>tantum</span> <span class='ocrx_word' id='word_1_205' title='bbox 1696 1640 1834 1669; x_wconf 84' lang='lat' dir='ltr'>senem</span> 
     </span>
     <span class='ocr_line' id='line_1_25' title="bbox 254 1689 1837 1746; baseline 0.002 -14"><span class='ocrx_word' id='word_1_206' title='bbox 254 1689 413 1732; x_wconf 85' lang='lat' dir='ltr'>iuuenis</span> <span class='ocrx_word' id='word_1_207' title='bbox 430 1695 471 1732; x_wconf 85' lang='lat' dir='ltr'>et</span> <span class='ocrx_word' id='word_1_208' title='bbox 486 1690 726 1746; x_wconf 86' lang='lat' dir='ltr'>episcopum</span> <span class='ocrx_word' id='word_1_209' title='bbox 739 1690 880 1742; x_wconf 87' lang='lat' dir='ltr'>laicus,</span> <span class='ocrx_word' id='word_1_210' title='bbox 903 1705 1048 1734; x_wconf 89' lang='lat' dir='ltr'>uerum</span> <span class='ocrx_word' id='word_1_211' title='bbox 1063 1692 1191 1734; x_wconf 87' lang='lat' dir='ltr'>etiam</span> <span class='ocrx_word' id='word_1_212' title='bbox 1205 1692 1414 1735; x_wconf 91' lang='lat' dir='ltr'>hominem</span> <span class='ocrx_word' id='word_1_213' title='bbox 1431 1698 1504 1734; x_wconf 90' lang='lat' dir='ltr'>tuo</span> <span class='ocrx_word' id='word_1_214' title='bbox 1519 1692 1670 1735; x_wconf 91' lang='lat' dir='ltr'>iudicio</span> <span class='ocrx_word' id='word_1_215' title='bbox 1686 1693 1837 1735; x_wconf 77' lang='lat' dir='ltr'>doctis-</span> 
     </span>
     <span class='ocr_line' id='line_1_26' title="bbox 253 1755 1830 1813; baseline 0.002 -16"><span class='ocrx_word' id='word_1_216' title='bbox 253 1755 404 1798; x_wconf 87' lang='lat' dir='ltr'>simum</span> <span class='ocrx_word' id='word_1_217' title='bbox 437 1762 478 1798; x_wconf 88' lang='lat' dir='ltr'>et</span> <span class='ocrx_word' id='word_1_218' title='bbox 514 1757 810 1812; x_wconf 80' lang='lat' dir='ltr'>peritissimum</span> <span class='ocrx_word' id='word_1_219' title='bbox 845 1770 929 1800; x_wconf 92' lang='lat' dir='ltr'>non</span> <span class='ocrx_word' id='word_1_220' title='bbox 977 1757 1184 1800; x_wconf 85' lang='lat' dir='ltr'>dubitasti</span> <span class='ocrx_word' id='word_1_221' title='bbox 1226 1758 1539 1812; x_wconf 86' lang='lat' dir='ltr'>reprehendere.</span> <span class='ocrx_word' id='word_1_222' title='bbox 1581 1772 1654 1813; x_wconf 88' lang='lat' dir='ltr'>ego</span> <span class='ocrx_word' id='word_1_223' title='bbox 1690 1765 1830 1801; x_wconf 84' lang='lat' dir='ltr'>autem</span> 
     </span>
     <span class='ocr_line' id='line_1_27' title="bbox 253 1822 1831 1878; baseline 0.001 -14"><span class='ocrx_word' id='word_1_224' title='bbox 253 1827 295 1864; x_wconf 83' lang='lat' dir='ltr'>et</span> <span class='ocrx_word' id='word_1_225' title='bbox 327 1835 393 1864; x_wconf 90' lang='lat' dir='ltr'>me</span> <span class='ocrx_word' id='word_1_226' title='bbox 428 1822 718 1867; x_wconf 87' lang='lat' dir='ltr'>doctissimum</span> <span class='ocrx_word' id='word_1_227' title='bbox 752 1836 803 1865; x_wconf 90' lang='lat' dir='ltr'>ac</span> <span class='ocrx_word' id='word_1_228' title='bbox 835 1823 1134 1878; x_wconf 87' lang='lat' dir='ltr'>peritissimum</span> <span class='ocrx_word' id='word_1_229' title='bbox 1168 1824 1317 1871; x_wconf 81' lang='lat' dir='ltr'>nescio,</span> <span class='ocrx_word' id='word_1_230' title='bbox 1354 1823 1480 1866; x_wconf 91' lang='lat' dir='ltr'>immo</span> <span class='ocrx_word' id='word_1_231' title='bbox 1517 1838 1614 1866; x_wconf 90' lang='lat' dir='ltr'>uero</span> <span class='ocrx_word' id='word_1_232' title='bbox 1650 1839 1716 1867; x_wconf 84' lang='lat' dir='ltr'>me</span> <span class='ocrx_word' id='word_1_233' title='bbox 1751 1838 1831 1866; x_wconf 83' lang='lat' dir='ltr'>nou</span> 
     </span>
     <span class='ocr_line' id='line_1_28' title="bbox 253 1887 1831 1946; baseline 0.002 -17"><span class='ocrx_word' id='word_1_234' title='bbox 253 1901 340 1930; x_wconf 85' lang='lat' dir='ltr'>esse</span> <span class='ocrx_word' id='word_1_235' title='bbox 395 1887 622 1932; x_wconf 86' lang='lat' dir='ltr'>certissime</span> <span class='ocrx_word' id='word_1_236' title='bbox 674 1889 756 1931; x_wconf 89' lang='lat' dir='ltr'>scio</span> <span class='ocrx_word' id='word_1_237' title='bbox 809 1894 852 1931; x_wconf 87' lang='lat' dir='ltr'>et</span> <span class='ocrx_word' id='word_1_238' title='bbox 906 1889 996 1932; x_wconf 86' lang='lat' dir='ltr'>fieri</span> <span class='ocrx_word' id='word_1_239' title='bbox 1048 1902 1167 1944; x_wconf 85' lang='lat' dir='ltr'>posse</span> <span class='ocrx_word' id='word_1_240' title='bbox 1214 1903 1296 1932; x_wconf 89' lang='lat' dir='ltr'>non</span> <span class='ocrx_word' id='word_1_241' title='bbox 1344 1890 1523 1946; x_wconf 80' lang='lat' dir='ltr'>ambigo,</span> <span class='ocrx_word' id='word_1_242' title='bbox 1578 1896 1626 1932; x_wconf 89' lang='lat' dir='ltr'>ut</span> <span class='ocrx_word' id='word_1_243' title='bbox 1675 1890 1831 1945; x_wconf 87' lang='lat' dir='ltr'>aliquid</span> 
     </span>
    </p>
   </div>
   <div class='ocr_carea' id='block_1_9' title="bbox 342 2001 941 2048">
    <p class='ocr_par' dir='ltr' id='par_1_9' title="bbox 342 2001 941 2048">
     <span class='ocr_line' id='line_1_29' title="bbox 342 2001 941 2048; baseline 0 -11"><span class='ocrx_word' id='word_1_244' title='bbox 342 2003 363 2037; x_wconf 95' lang='lat'><strong>3</strong></span> <span class='ocrx_word' id='word_1_245' title='bbox 383 2002 426 2036; x_wconf 83' lang='lat' dir='ltr'>cf.</span> <span class='ocrx_word' id='word_1_246' title='bbox 445 2013 524 2048; x_wconf 78' lang='lat' dir='ltr'>pag.</span> <span class='ocrx_word' id='word_1_247' title='bbox 540 2003 616 2043; x_wconf 73' lang='lat'>357,</span> <span class='ocrx_word' id='word_1_248' title='bbox 637 2003 736 2038; x_wconf 74' lang='lat'>5—9.</span> <span class='ocrx_word' id='word_1_249' title='bbox 755 2002 832 2044; x_wconf 75' lang='lat'>376,</span> <span class='ocrx_word' id='word_1_250' title='bbox 853 2001 941 2037; x_wconf 83' lang='lat'>2—5</span> 
     </span>
    </p>
   </div>
   <div class='ocr_carea' id='block_1_10' title="bbox 253 2085 1832 2790">
    <p class='ocr_par' dir='ltr' id='par_1_10' title="bbox 253 2085 1832 2790">
     <span class='ocr_line' id='line_1_30' title="bbox 349 2085 1831 2134; baseline 0.002 -14"><span class='ocrx_word' id='word_1_251' title='bbox 349 2086 361 2119; x_wconf 92' lang='lat'>1</span> <span class='ocrx_word' id='word_1_252' title='bbox 382 2088 467 2120; x_wconf 82' lang='lat' dir='ltr'>sunt</span> <span class='ocrx_word' id='word_1_253' title='bbox 481 2085 509 2119; x_wconf 77' lang='lat' dir='ltr'><strong><em>C</em></strong></span> <span class='ocrx_word' id='word_1_254' title='bbox 586 2086 606 2120; x_wconf 88' lang='grc'><strong>3</strong></span> <span class='ocrx_word' id='word_1_255' title='bbox 621 2085 762 2132; x_wconf 73' lang='lat' dir='ltr'>respicis</span> <span class='ocrx_word' id='word_1_256' title='bbox 774 2086 852 2121; x_wconf 87' lang='lat' dir='ltr'>ITd</span> <span class='ocrx_word' id='word_1_257' title='bbox 926 2085 992 2132; x_wconf 87' lang='lat' dir='ltr'>ipsi</span> <span class='ocrx_word' id='word_1_258' title='bbox 1005 2086 1106 2123; x_wconf 85' lang='lat' dir='ltr'>om.D</span> <span class='ocrx_word' id='word_1_259' title='bbox 1195 2088 1250 2134; x_wconf 88' lang='lat' dir='ltr'>ea]</span> <span class='ocrx_word' id='word_1_260' title='bbox 1266 2090 1284 2123; x_wconf 73' lang='lat' dir='ltr'>e·</span> <span class='ocrx_word' id='word_1_261' title='bbox 1296 2087 1328 2122; x_wconf 92' lang='lat' dir='ltr'><em>D</em></span> <span class='ocrx_word' id='word_1_262' title='bbox 1400 2090 1419 2122; x_wconf 75' lang='lat'>4</span> <span class='ocrx_word' id='word_1_263' title='bbox 1438 2087 1621 2123; x_wconf 85' lang='lat' dir='ltr'>aestudere</span> <span class='ocrx_word' id='word_1_264' title='bbox 1639 2089 1716 2132; x_wconf 79' lang='lat' dir='ltr'>(om.</span> <span class='ocrx_word' id='word_1_265' title='bbox 1730 2089 1785 2131; x_wconf 85' lang='lat' dir='ltr'>ac)</span> <span class='ocrx_word' id='word_1_266' title='bbox 1803 2088 1831 2120; x_wconf 81' lang='lat'>(¹</span> 
     </span>
     <span class='ocr_line' id='line_1_31' title="bbox 254 2144 1832 2194; baseline 0.001 -15"><span class='ocrx_word' id='word_1_267' title='bbox 254 2146 275 2179; x_wconf 88' lang='lat'>5</span> <span class='ocrx_word' id='word_1_268' title='bbox 290 2145 392 2181; x_wconf 82' lang='lat' dir='ltr'>corde</span> <span class='ocrx_word' id='word_1_269' title='bbox 404 2145 434 2180; x_wconf 83' lang='lat' dir='ltr'><em>E</em></span> <span class='ocrx_word' id='word_1_270' title='bbox 454 2144 567 2180; x_wconf 71' lang='lat' dir='ltr'>cordis</span> <span class='ocrx_word' id='word_1_271' title='bbox 580 2145 616 2180; x_wconf 88' lang='lat' dir='ltr'><em>H</em></span> <span class='ocrx_word' id='word_1_272' title='bbox 687 2145 709 2179; x_wconf 88' lang='lat'><strong>6</strong></span> <span class='ocrx_word' id='word_1_273' title='bbox 725 2146 852 2192; x_wconf 85' lang='lat' dir='ltr'>magis]</span> <span class='ocrx_word' id='word_1_274' title='bbox 866 2145 923 2192; x_wconf 83' lang='lat' dir='ltr'>agi</span> <span class='ocrx_word' id='word_1_275' title='bbox 936 2146 971 2181; x_wconf 83' lang='lat' dir='ltr'><em>H</em></span> <span class='ocrx_word' id='word_1_276' title='bbox 1042 2146 1093 2193; x_wconf 93' lang='lat' dir='ltr'>et]</span> <span class='ocrx_word' id='word_1_277' title='bbox 1107 2147 1185 2182; x_wconf 78' lang='lat' dir='ltr'>atc&#39;</span> <span class='ocrx_word' id='word_1_278' title='bbox 1258 2147 1393 2183; x_wconf 66' lang='lat' dir='ltr'>animas</span> <span class='ocrx_word' id='word_1_279' title='bbox 1411 2148 1439 2183; x_wconf 83' lang='lat' dir='ltr'><em>C</em></span> <span class='ocrx_word' id='word_1_280' title='bbox 1515 2149 1534 2183; x_wconf 84' lang='lat'>7</span> <span class='ocrx_word' id='word_1_281' title='bbox 1553 2146 1784 2194; x_wconf 83' lang='lat' dir='ltr'>correptionis</span> <span class='ocrx_word' id='word_1_282' title='bbox 1804 2148 1832 2181; x_wconf 75' lang='lat' dir='ltr'>&#39;I&#39;</span> 
     </span>
     <span class='ocr_line' id='line_1_32' title="bbox 255 2199 1829 2254; baseline 0.001 -14"><span class='ocrx_word' id='word_1_283' title='bbox 255 2205 276 2240; x_wconf 89' lang='grc'>9</span> <span class='ocrx_word' id='word_1_284' title='bbox 293 2210 461 2241; x_wconf 87' lang='lat' dir='ltr'>secuntur</span> <span class='ocrx_word' id='word_1_285' title='bbox 473 2205 568 2240; x_wconf 74' lang='lat' dir='ltr'>BCE</span> <span class='ocrx_word' id='word_1_286' title='bbox 638 2205 678 2240; x_wconf 89' lang='lat'>10</span> <span class='ocrx_word' id='word_1_287' title='bbox 695 2203 786 2252; x_wconf 79' lang='lat' dir='ltr'>Expl</span> <span class='ocrx_word' id='word_1_288' title='bbox 803 2199 851 2242; x_wconf 78' lang='lat' dir='ltr'>liB</span> <span class='ocrx_word' id='word_1_289' title='bbox 870 2205 971 2253; x_wconf 86' lang='lat' dir='ltr'>prim’</span> <span class='ocrx_word' id='word_1_290' title='bbox 989 2206 1033 2242; x_wconf 90' lang='lat' dir='ltr'>de</span> <span class='ocrx_word' id='word_1_291' title='bbox 1050 2210 1178 2242; x_wconf 78' lang='lat' dir='ltr'>natura</span> <span class='ocrx_word' id='word_1_292' title='bbox 1194 2211 1230 2242; x_wconf 87' lang='lat' dir='ltr'>et</span> <span class='ocrx_word' id='word_1_293' title='bbox 1246 2206 1378 2254; x_wconf 86' lang='lat' dir='ltr'>origine</span> <span class='ocrx_word' id='word_1_294' title='bbox 1394 2207 1534 2243; x_wconf 85' lang='lat' dir='ltr'>animae</span> <span class='ocrx_word' id='word_1_295' title='bbox 1551 2207 1596 2242; x_wconf 88' lang='lat' dir='ltr'>ad</span> <span class='ocrx_word' id='word_1_296' title='bbox 1612 2207 1829 2242; x_wconf 84' lang='lat' dir='ltr'>uincentium</span> 
     </span>
     <span class='ocr_line' id='line_1_33' title="bbox 255 2256 1829 2314; baseline 0.001 -15"><span class='ocrx_word' id='word_1_297' title='bbox 255 2264 399 2301; x_wconf 75' lang='lat' dir='ltr'>uictore.</span> <span class='ocrx_word' id='word_1_298' title='bbox 444 2256 509 2300; x_wconf 61' lang='lat' dir='ltr'>Ino</span> <span class='ocrx_word' id='word_1_299' title='bbox 522 2256 574 2301; x_wconf 68' lang='grc' dir='ltr'>ΠΒ</span> <span class='ocrx_word' id='word_1_300' title='bbox 589 2256 650 2300; x_wconf 49' lang='grc' dir='ltr'>ᾗ</span> <span class='ocrx_word' id='word_1_301' title='bbox 666 2264 782 2301; x_wconf 79' lang='grc' dir='ltr'><em>ΑΒΟΙ</em></span> <span class='ocrx_word' id='word_1_302' title='bbox 790 2266 837 2311; x_wconf 88' lang='lat' dir='ltr'>T,·</span> <span class='ocrx_word' id='word_1_303' title='bbox 850 2278 871 2301; x_wconf 93' lang='grc' dir='ltr'><em>α</em></span> <span class='ocrx_word' id='word_1_304' title='bbox 885 2266 954 2302; x_wconf 85' lang='lat' dir='ltr'>cod.</span> <span class='ocrx_word' id='word_1_305' title='bbox 967 2266 1002 2302; x_wconf 92' lang='lat' dir='ltr'><em>D</em></span> <span class='ocrx_word' id='word_1_306' title='bbox 1024 2266 1114 2302; x_wconf 79' lang='lat' dir='ltr'>abest</span> <span class='ocrx_word' id='word_1_307' title='bbox 1129 2267 1253 2303; x_wconf 75' lang='lat' dir='ltr'>subscr.</span> <span class='ocrx_word' id='word_1_308' title='bbox 1296 2267 1389 2314; x_wconf 85' lang='lat' dir='ltr'>Expl</span> <span class='ocrx_word' id='word_1_309' title='bbox 1404 2257 1455 2302; x_wconf 77' lang='lat' dir='ltr'>lib</span> <span class='ocrx_word' id='word_1_310' title='bbox 1471 2267 1573 2314; x_wconf 88' lang='lat' dir='ltr'>prim&#39;</span> <span class='ocrx_word' id='word_1_311' title='bbox 1590 2267 1634 2302; x_wconf 85' lang='lat' dir='ltr'>de</span> <span class='ocrx_word' id='word_1_312' title='bbox 1651 2272 1780 2302; x_wconf 86' lang='lat' dir='ltr'>natura</span> <span class='ocrx_word' id='word_1_313' title='bbox 1793 2273 1829 2301; x_wconf 87' lang='lat' dir='ltr'>et</span> 
     </span>
     <span class='ocr_line' id='line_1_34' title="bbox 255 2316 1826 2373; baseline -0.001 -14"><span class='ocrx_word' id='word_1_314' title='bbox 255 2323 387 2370; x_wconf 85' lang='lat' dir='ltr'>origine</span> <span class='ocrx_word' id='word_1_315' title='bbox 412 2325 528 2370; x_wconf 70' lang='lat' dir='ltr'>anime</span> <span class='ocrx_word' id='word_1_316' title='bbox 555 2325 598 2361; x_wconf 85' lang='lat' dir='ltr'>ad</span> <span class='ocrx_word' id='word_1_317' title='bbox 625 2324 879 2370; x_wconf 72' lang='lat' dir='ltr'>uincuneentiss</span> <span class='ocrx_word' id='word_1_318' title='bbox 905 2325 1038 2362; x_wconf 71' lang='lat' dir='ltr'>uictore</span> <span class='ocrx_word' id='word_1_319' title='bbox 1066 2316 1116 2362; x_wconf 51' lang='lat' dir='ltr'>§i</span> <span class='ocrx_word' id='word_1_320' title='bbox 1154 2317 1241 2372; x_wconf 52' lang='lat' dir='ltr'>rig—us</span> <span class='ocrx_word' id='word_1_321' title='bbox 1267 2318 1335 2373; x_wconf 71' lang='lat' dir='ltr'>epi.</span> <span class='ocrx_word' id='word_1_322' title='bbox 1365 2326 1496 2373; x_wconf 86' lang='lat' dir='ltr'>Incipit</span> <span class='ocrx_word' id='word_1_323' title='bbox 1528 2327 1615 2363; x_wconf 91' lang='lat' dir='ltr'>liber</span> <span class='ocrx_word' id='word_1_324' title='bbox 1653 2326 1826 2362; x_wconf 76' lang='lat' dir='ltr'>secundus</span> 
     </span>
     <span class='ocr_line' id='line_1_35' title="bbox 254 2375 1830 2431; baseline 0.001 -12"><span class='ocrx_word' id='word_1_325' title='bbox 254 2383 409 2420; x_wconf 89' lang='lat' dir='ltr'>eiusdem</span> <span class='ocrx_word' id='word_1_326' title='bbox 437 2375 487 2420; x_wconf 53' lang='lat' dir='ltr'><strong>s-ci</strong></span> <span class='ocrx_word' id='word_1_327' title='bbox 515 2376 601 2430; x_wconf 53' lang='grc' dir='ltr'>τῶ</span> <span class='ocrx_word' id='word_1_328' title='bbox 625 2384 671 2421; x_wconf 86' lang='lat' dir='ltr'>ad</span> <span class='ocrx_word' id='word_1_329' title='bbox 695 2396 803 2431; x_wconf 77' lang='lat' dir='ltr'>supra</span> <span class='ocrx_word' id='word_1_330' title='bbox 826 2390 1062 2422; x_wconf 80' lang='lat' dir='ltr'>memoratum</span> <span class='ocrx_word' id='word_1_331' title='bbox 1084 2386 1303 2423; x_wconf 88' lang='lat' dir='ltr'>uincentium</span> <span class='ocrx_word' id='word_1_332' title='bbox 1328 2386 1498 2422; x_wconf 87' lang='lat' dir='ltr'>uictorem</span> <span class='ocrx_word' id='word_1_333' title='bbox 1519 2386 1562 2422; x_wconf 88' lang='lat' dir='ltr'>de</span> <span class='ocrx_word' id='word_1_334' title='bbox 1589 2386 1711 2421; x_wconf 85' lang='lat' dir='ltr'>eadem</span> <span class='ocrx_word' id='word_1_335' title='bbox 1736 2398 1770 2421; x_wconf 86' lang='lat' dir='ltr'>re</span> <span class='ocrx_word' id='word_1_336' title='bbox 1796 2386 1830 2420; x_wconf 89' lang='lat' dir='ltr'><em>H</em></span> 
     </span>
     <span class='ocr_line' id='line_1_36' title="bbox 254 2436 1829 2493; baseline 0 -15"><span class='ocrx_word' id='word_1_337' title='bbox 254 2443 411 2490; x_wconf 87' lang='lat' dir='ltr'>Explicit</span> <span class='ocrx_word' id='word_1_338' title='bbox 437 2444 523 2480; x_wconf 90' lang='lat' dir='ltr'>liber</span> <span class='ocrx_word' id='word_1_339' title='bbox 550 2445 684 2491; x_wconf 80' lang='lat' dir='ltr'>primus</span> <span class='ocrx_word' id='word_1_340' title='bbox 703 2436 753 2480; x_wconf 65' lang='lat' dir='ltr'>s—ci</span> <span class='ocrx_word' id='word_1_341' title='bbox 780 2444 961 2492; x_wconf 83' lang='lat' dir='ltr'>augustini</span> <span class='ocrx_word' id='word_1_342' title='bbox 985 2445 1029 2482; x_wconf 84' lang='lat' dir='ltr'>de</span> <span class='ocrx_word' id='word_1_343' title='bbox 1055 2450 1185 2482; x_wconf 81' lang='lat' dir='ltr'>natura</span> <span class='ocrx_word' id='word_1_344' title='bbox 1211 2450 1247 2482; x_wconf 88' lang='lat' dir='ltr'>et</span> <span class='ocrx_word' id='word_1_345' title='bbox 1270 2446 1403 2493; x_wconf 86' lang='lat' dir='ltr'>origine</span> <span class='ocrx_word' id='word_1_346' title='bbox 1420 2446 1535 2491; x_wconf 71' lang='lat' dir='ltr'>anime</span> <span class='ocrx_word' id='word_1_347' title='bbox 1550 2447 1595 2481; x_wconf 86' lang='lat' dir='ltr'>ad</span> <span class='ocrx_word' id='word_1_348' title='bbox 1611 2446 1829 2481; x_wconf 86' lang='lat' dir='ltr'>uincentium</span> 
     </span>
     <span class='ocr_line' id='line_1_37' title="bbox 254 2494 1827 2551; baseline 0.003 -14"><span class='ocrx_word' id='word_1_349' title='bbox 254 2502 436 2539; x_wconf 86' lang='lat' dir='ltr'>uictorem.</span> <span class='ocrx_word' id='word_1_350' title='bbox 458 2495 557 2550; x_wconf 63' lang='lat' dir='ltr'>Incip</span> <span class='ocrx_word' id='word_1_351' title='bbox 573 2503 730 2540; x_wconf 85' lang='lat' dir='ltr'>eiusdem</span> <span class='ocrx_word' id='word_1_352' title='bbox 746 2494 824 2540; x_wconf 71' lang='lat' dir='ltr'>scds</span> <span class='ocrx_word' id='word_1_353' title='bbox 843 2495 892 2541; x_wconf 71' lang='grc' dir='ltr'>ΗΒ</span> <span class='ocrx_word' id='word_1_354' title='bbox 907 2505 953 2541; x_wconf 86' lang='lat' dir='ltr'>ad</span> <span class='ocrx_word' id='word_1_355' title='bbox 969 2505 1120 2542; x_wconf 87' lang='lat' dir='ltr'>eundem</span> <span class='ocrx_word' id='word_1_356' title='bbox 1136 2505 1180 2541; x_wconf 89' lang='lat' dir='ltr'>de</span> <span class='ocrx_word' id='word_1_357' title='bbox 1195 2506 1321 2542; x_wconf 76' lang='lat' dir='ltr'>eadem</span> <span class='ocrx_word' id='word_1_358' title='bbox 1337 2517 1371 2541; x_wconf 86' lang='lat' dir='ltr'>re</span> <span class='ocrx_word' id='word_1_359' title='bbox 1389 2507 1420 2541; x_wconf 86' lang='lat' dir='ltr'><em>E</em></span> <span class='ocrx_word' id='word_1_360' title='bbox 1489 2507 1529 2541; x_wconf 81' lang='lat'>12</span> <span class='ocrx_word' id='word_1_361' title='bbox 1548 2505 1650 2551; x_wconf 84' lang='lat' dir='ltr'>cupio</span> <span class='ocrx_word' id='word_1_362' title='bbox 1669 2504 1827 2542; x_wconf 80' lang='lat' dir='ltr'>dicerell</span> 
     </span>
     <span class='ocr_line' id='line_1_38' title="bbox 256 2562 1830 2611; baseline -0.001 -13"><span class='ocrx_word' id='word_1_363' title='bbox 256 2564 297 2598; x_wconf 82' lang='lat'>14</span> <span class='ocrx_word' id='word_1_364' title='bbox 314 2562 507 2609; x_wconf 84' lang='lat' dir='ltr'>explimens</span> <span class='ocrx_word' id='word_1_365' title='bbox 520 2565 551 2599; x_wconf 79' lang='lat' dir='ltr'><strong><em>A</em></strong></span> <span class='ocrx_word' id='word_1_366' title='bbox 573 2564 741 2611; x_wconf 82' lang='lat' dir='ltr'>exprimis</span> <span class='ocrx_word' id='word_1_367' title='bbox 756 2564 786 2599; x_wconf 85' lang='lat' dir='ltr'><em>E</em></span> <span class='ocrx_word' id='word_1_368' title='bbox 801 2564 830 2610; x_wconf 89' lang='lat' dir='ltr'>(s</span> <span class='ocrx_word' id='word_1_369' title='bbox 846 2564 915 2610; x_wconf 72' lang='grc' dir='ltr'>ελ.)</span> <span class='ocrx_word' id='word_1_370' title='bbox 988 2563 1031 2600; x_wconf 84' lang='grc'>15</span> <span class='ocrx_word' id='word_1_371' title='bbox 1047 2565 1240 2602; x_wconf 78' lang='lat' dir='ltr'>admodum</span> <span class='ocrx_word' id='word_1_372' title='bbox 1257 2565 1288 2600; x_wconf 92' lang='lat' dir='ltr'><em>B</em></span> <span class='ocrx_word' id='word_1_373' title='bbox 1378 2566 1419 2600; x_wconf 87' lang='lat'>16</span> <span class='ocrx_word' id='word_1_374' title='bbox 1439 2565 1599 2600; x_wconf 86' lang='lat' dir='ltr'>doctrina</span> <span class='ocrx_word' id='word_1_375' title='bbox 1616 2568 1652 2598; x_wconf 88' lang='lat' dir='ltr'>et</span> <span class='ocrx_word' id='word_1_376' title='bbox 1668 2563 1830 2598; x_wconf 83' lang='lat' dir='ltr'>ammini-</span> 
     </span>
     <span class='ocr_line' id='line_1_39' title="bbox 253 2622 1825 2671; baseline -0.001 -13"><span class='ocrx_word' id='word_1_377' title='bbox 253 2622 331 2658; x_wconf 89' lang='lat' dir='ltr'>culo</span> <span class='ocrx_word' id='word_1_378' title='bbox 344 2622 461 2659; x_wconf 76' lang='lat' dir='ltr'><em>ABCI</em></span> <span class='ocrx_word' id='word_1_379' title='bbox 464 2623 482 2658; x_wconf 87' lang='lat' dir='ltr'>b</span> <span class='ocrx_word' id='word_1_380' title='bbox 558 2623 772 2660; x_wconf 81' lang='lat' dir='ltr'>adminiculo</span> <span class='ocrx_word' id='word_1_381' title='bbox 784 2624 821 2660; x_wconf 83' lang='lat' dir='ltr'><em>H</em></span> <span class='ocrx_word' id='word_1_382' title='bbox 834 2625 873 2671; x_wconf 84' lang='lat' dir='ltr'>(d</span> <span class='ocrx_word' id='word_1_383' title='bbox 886 2624 1005 2671; x_wconf 71' lang='lat' dir='ltr'>s.l.)‚T</span> <span class='ocrx_word' id='word_1_384' title='bbox 1077 2625 1120 2662; x_wconf 91' lang='lat'>18</span> <span class='ocrx_word' id='word_1_385' title='bbox 1131 2626 1265 2662; x_wconf 80' lang='lat' dir='ltr'>nesciat</span> <span class='ocrx_word' id='word_1_386' title='bbox 1277 2626 1308 2660; x_wconf 77' lang='grc' dir='ltr'><strong><em>Α</em></strong></span> <span class='ocrx_word' id='word_1_387' title='bbox 1377 2627 1417 2661; x_wconf 86' lang='grc'>19</span> <span class='ocrx_word' id='word_1_388' title='bbox 1432 2625 1594 2660; x_wconf 74' lang='lat' dir='ltr'>libertate</span> <span class='ocrx_word' id='word_1_389' title='bbox 1606 2623 1639 2657; x_wconf 91' lang='lat' dir='ltr'><em>D</em></span> <span class='ocrx_word' id='word_1_390' title='bbox 1713 2625 1784 2668; x_wconf 68' lang='lat' dir='ltr'>qua</span> <span class='ocrx_word' id='word_1_391' title='bbox 1798 2624 1825 2657; x_wconf 71' lang='lat' dir='ltr'><strong><em>A</em></strong></span> 
     </span>
     <span class='ocr_line' id='line_1_40' title="bbox 253 2681 1824 2732; baseline -0.002 -14"><span class='ocrx_word' id='word_1_392' title='bbox 253 2692 324 2718; x_wconf 87' lang='lat' dir='ltr'>non</span> <span class='ocrx_word' id='word_1_393' title='bbox 335 2682 525 2730; x_wconf 80' lang='lat' dir='ltr'>oportebat</span> <span class='ocrx_word' id='word_1_394' title='bbox 539 2683 570 2719; x_wconf 91' lang='lat' dir='ltr'><em>T</em></span> <span class='ocrx_word' id='word_1_395' title='bbox 597 2683 683 2730; x_wconf 89' lang='lat' dir='ltr'>non]</span> <span class='ocrx_word' id='word_1_396' title='bbox 694 2686 741 2719; x_wconf 66' lang='lat' dir='ltr'>nii</span> <span class='ocrx_word' id='word_1_397' title='bbox 750 2684 778 2717; x_wconf 86' lang='lat' dir='ltr'>C&#39;</span> <span class='ocrx_word' id='word_1_398' title='bbox 813 2684 1427 2732; x_wconf 76' lang='lat' dir='ltr'>20doctissimum1dissertissimum</span> <span class='ocrx_word' id='word_1_399' title='bbox 1440 2684 1470 2719; x_wconf 88' lang='grc' dir='ltr'><em>Ε</em></span> <span class='ocrx_word' id='word_1_400' title='bbox 1487 2681 1776 2718; x_wconf 58' lang='grc' dir='ltr'>(ἰὶαεεηίεείιηωη</span> <span class='ocrx_word' id='word_1_401' title='bbox 1789 2681 1824 2716; x_wconf 89' lang='lat' dir='ltr'><em>H</em></span> 
     </span>
     <span class='ocr_line' id='line_1_41' title="bbox 253 2741 1824 2790; baseline 0 -14"><span class='ocrx_word' id='word_1_402' title='bbox 253 2741 293 2777; x_wconf 86' lang='lat'>21</span> <span class='ocrx_word' id='word_1_403' title='bbox 313 2741 433 2789; x_wconf 68' lang='lat' dir='ltr'>perit]</span> <span class='ocrx_word' id='word_1_404' title='bbox 449 2742 744 2790; x_wconf 77' lang='lat' dir='ltr'>perfectissimum</span> <span class='ocrx_word' id='word_1_405' title='bbox 756 2743 793 2779; x_wconf 85' lang='grc' dir='ltr'><em>Η</em></span> <span class='ocrx_word' id='word_1_406' title='bbox 897 2745 941 2780; x_wconf 81' lang='lat'>22</span> <span class='ocrx_word' id='word_1_407' title='bbox 961 2748 998 2780; x_wconf 86' lang='lat' dir='ltr'>et</span> <span class='ocrx_word' id='word_1_408' title='bbox 1014 2755 1071 2781; x_wconf 86' lang='lat' dir='ltr'>me</span> <span class='ocrx_word' id='word_1_409' title='bbox 1088 2744 1335 2781; x_wconf 79' lang='lat' dir='ltr'>doctissimum</span> <span class='ocrx_word' id='word_1_410' title='bbox 1352 2745 1451 2779; x_wconf 79' lang='lat' dir='ltr'>mn.A</span> <span class='ocrx_word' id='word_1_411' title='bbox 1562 2741 1824 2787; x_wconf 78' lang='lat' dir='ltr'>doctissimum]</span> 
     </span>
    </p>
   </div>
   <div class='ocr_carea' id='block_1_11' title="bbox 253 2800 1228 2851">
    <p class='ocr_par' dir='ltr' id='par_1_11' title="bbox 253 2800 1228 2851">
     <span class='ocr_line' id='line_1_42' title="bbox 253 2800 1228 2851; baseline 0.003 -14"><span class='ocrx_word' id='word_1_412' title='bbox 253 2800 524 2838; x_wconf 86' lang='lat' dir='ltr'>deuotissimum</span> <span class='ocrx_word' id='word_1_413' title='bbox 539 2802 568 2838; x_wconf 84' lang='lat' dir='ltr'><strong><em>C</em></strong></span> <span class='ocrx_word' id='word_1_414' title='bbox 645 2804 688 2840; x_wconf 84' lang='lat'>23</span> <span class='ocrx_word' id='word_1_415' title='bbox 705 2803 758 2851; x_wconf 86' lang='lat' dir='ltr'>et]</span> <span class='ocrx_word' id='word_1_416' title='bbox 772 2803 850 2840; x_wconf 78' lang='lat' dir='ltr'>add.</span> <span class='ocrx_word' id='word_1_417' title='bbox 868 2804 899 2839; x_wconf 91' lang='lat' dir='ltr'>si</span> <span class='ocrx_word' id='word_1_418' title='bbox 915 2804 944 2840; x_wconf 84' lang='lat' dir='ltr'><strong><em>C</em></strong></span> <span class='ocrx_word' id='word_1_419' title='bbox 1019 2803 1186 2851; x_wconf 74' lang='lat' dir='ltr'>ambiguo</span> <span class='ocrx_word' id='word_1_420' title='bbox 1199 2804 1228 2840; x_wconf 82' lang='lat'><em>0</em></span> 
     </span>
    </p>
   </div>
  </div>
 </body>
</html>
