2002 3256
338 261 397 304 IV
968 272 1277 310 Praefatio.

334 388 444 427 sunt.
483 384 755 427 correctiones
777 385 1005 427 maximam
1025 388 1188 440 partem
1209 384 1264 427 ad
1281 382 1498 427 librarium
1516 383 1655 439 ipsum
1673 383 1913 428 referendae

334 455 443 492 sunt.
492 450 670 493 contulit
699 450 824 493 Vrba.

259 514 292 556 G
433 516 574 558 Codex
604 516 630 557 S
648 529 715 558 an
734 530 758 571 g
776 515 898 558 alle
915 530 939 557 n
961 515 1043 557 sis
1073 516 1146 558 171
1176 511 1280 557 saec.
1312 514 1353 556 X
1379 514 1505 557 libros
1533 515 1584 557 de
1611 526 1721 569 pecc.
1751 514 1911 558 meritis

333 594 425 637 pag.
462 582 673 624 231—333
707 581 904 623 exhibens
938 580 1120 623 multum
1153 593 1281 622 manu
1313 579 1462 635 prima,
1497 579 1624 622 etiam
1657 578 1749 635 plus
1782 592 1910 623 manu

332 647 514 689 secunda
537 650 743 689 correctus
767 650 841 688 est.
880 650 1088 689 tractatus
1111 646 1162 688 de
1185 645 1333 701 spiritu
1356 650 1398 687 et
1418 644 1560 688 littera
1582 658 1674 701 pag.
1698 645 1911 688 356-402

333 716 485 763 exstat,
519 725 625 767 quae
656 713 708 754 32
740 725 933 755 uersuum
967 716 1076 754 sunt.
1126 711 1227 754 haec
1258 723 1353 766 pars
1385 710 1536 753 codicis
1568 723 1700 764 pauca
1734 710 1911 766 uestigia

332 790 479 820 manus
511 777 753 831 castigantis
785 777 983 819 ostendit.
1032 776 1118 819 eius
1148 776 1362 832 inscriptio
1393 789 1486 831 pag.
1522 776 1596 818 155
1627 775 1779 818 omissa
1808 776 1910 819 haec

333 846 414 884 cst:
437 842 571 897 exple?
591 837 646 884 12'5
664 838 723 885 ἒῖῑ
744 843 922 897 aqustim
941 841 987 884 de
1008 842 1127 884 unico
1147 841 1355 896 baptismo.
1394 841 1540 895 incipit
1560 840 1606 882 de
1626 840 1707 893 W
1726 844 1759 883 et
1781 840 1910 883 littera

330 907 429 962 (litt.
455 908 583 959 mai).
623 908 925 964 subscriptione
949 908 1079 950 codex
1100 907 1143 949 in
1166 907 1250 949 fine
1272 905 1444 949 mutilus
1468 910 1600 957 caret;
1624 906 1776 948 desinit
1799 907 1910 949 enim

334 986 434 1015 uoce
463 974 689 1016 testimonia
717 987 810 1029 pag.
842 974 933 1024 228,
964 973 1000 1015 8.

264 1037 304 1078 K
423 1038 605 1082 Alterius
642 1038 824 1081 familiae
859 1038 979 1081 testis
1022 1037 1370 1093 locupletissimus
1407 1037 1537 1079 codex
1571 1037 1909 1091 Augiensis

331 1103 439 1146 XCV
464 1105 635 1147 membr.
660 1104 772 1147 misc.
796 1103 881 1146 foll.
907 1105 982 1146 116
1003 1116 1106 1146 saec.
1128 1103 1170 1144 X
1189 1103 1448 1158 conscriptus
1468 1107 1552 1145 tres
1572 1101 1699 1144 libros
1722 1102 1771 1144 de
1793 1115 1903 1157 pecc.

329 1169 486 1211 meritis
508 1169 592 1212 foll.
618 1164 787 1221 1—41b,
811 1168 1057 1225 opusculum
1079 1169 1129 1211 de
1151 1168 1301 1224 spiritu
1322 1173 1364 1210 et
1384 1167 1527 1210 littera
1548 1166 1616 1210 fol.
1640 1162 1717 1211 41b
1734 1167 1908 1222 (In-cipit

329 1233 426 1279 liber
448 1234 494 1277 de
517 1234 597 1288 ,W
619 1239 653 1277 et
678 1235 806 1277 littera
831 1235 1038 1289 unqu-stimi
1061 1229 1145 1289 ἑῖἷι)
1170 1260 1223 1264 —
1243 1233 1313 1276 fol.
1339 1228 1417 1276 62¹³
1442 1233 1626 1289 praebet.
1667 1233 1710 1275 in
1735 1232 1907 1288 singulis

331 1300 492 1356 paginis
509 1301 560 1342 34
577 1299 709 1343 lineae
735 1300 888 1343 incisae
906 1304 1016 1342 sunt.
1051 1312 1122 1342 eae
1139 1303 1278 1354 partes
1296 1299 1450 1342 codicis
1468 1311 1570 1354 quas
1591 1298 1689 1340 haec
1708 1297 1908 1353 opuscula

329 1365 538 1421 complent
556 1365 711 1408 multas
730 1365 1040 1408 emendationes
1059 1364 1329 1407 scribentium
1352 1364 1543 1407 manibus
1568 1368 1764 1418 expertae
1786 1368 1905 1414 sunt;

328 1443 475 1473 manus
496 1431 678 1474 secunda
697 1435 839 1473 autem
857 1444 938 1473 non
961 1430 1094 1473 solum
1111 1430 1350 1472 innumeros
1368 1429 1478 1472 locos
1499 1428 1665 1471 sanauit
1685 1429 1758 1472 sed
1776 1428 1906 1471 etiam

327 1500 368 1538 et
399 1495 581 1551 singulas
611 1495 779 1539 uoculas
810 1499 853 1538 et
881 1500 994 1538 totas
1024 1495 1253 1537 sententias
1284 1495 1454 1537 omissas
1485 1493 1682 1549 expleuit,
1713 1493 1765 1536 cf.
1796 1495 1834 1545 3,
1865 1494 1903 1537 8.

328 1562 365 1611 6,
391 1561 452 1604 15.
478 1563 539 1604 16.
565 1563 601 1611 7,
626 1563 660 1603 1.
687 1562 748 1604 10.
773 1562 810 1612 9,
834 1562 870 1603 2.
894 1562 932 1603 3.
958 1561 1020 1611 10,
1043 1561 1080 1603 2.
1104 1561 1167 1603 24.
1192 1561 1255 1611 11,
1280 1559 1340 1602 15.
1366 1561 1429 1610 14,
1453 1560 1515 1602 21.
1541 1560 1605 1609 16,
1628 1560 1664 1601 4.
1690 1559 1753 1609 18,
1776 1560 1813 1601 4.
1838 1560 1903 1610 23,

326 1627 388 1669 23.
409 1627 474 1678 24,
494 1628 554 1669 12.
574 1627 637 1677 25,
658 1628 719 1669 11.
739 1627 803 1677 36,
822 1627 885 1669 20.
904 1626 968 1677 59,
986 1626 1012 1668 6
1028 1625 1079 1668 al.
1100 1639 1150 1667 ex
1166 1625 1270 1668 libro
1289 1626 1339 1668 de
1356 1625 1505 1680 spiritu
1523 1628 1566 1666 et
1579 1623 1723 1667 littera
1741 1623 1791 1667 cf.
1812 1625 1903 1676 160,

326 1693 388 1734 22.
411 1693 500 1742 179,
520 1693 582 1734 27.
618 1693 759 1734 sedne
779 1691 843 1734 hic
862 1691 1031 1746 quidem
1050 1695 1255 1733 corrector
1273 1690 1412 1732 omnia
1430 1703 1536 1745 quae
1554 1689 1688 1732 scriba
1707 1689 1904 1732 omiserat

325 1757 524 1809 restituit,
548 1757 597 1800 cf.
620 1759 658 1808 4,
680 1758 715 1799 2.
738 1757 775 1808 5,
797 1757 833 1799 5.
857 1757 920 1808 28,
942 1757 1004 1800 26.
1029 1757 1118 1807 168,
1140 1758 1176 1798 4.
1199 1757 1290 1807 226,
1313 1756 1374 1798 18.
1411 1757 1510 1798 sunt
1530 1755 1679 1797 itidem
1699 1754 1779 1797 loci
1798 1767 1903 1810 quos

324 1822 421 1864 licet
443 1822 625 1878 integros
649 1822 943 1877 ‹leprauauerit
964 1821 1034 1877 (cf.
1059 1823 1097 1873 4,
1122 1822 1184 1864 13.
1212 1822 1272 1864 16.
1297 1822 1336 1872 8,
1359 1822 1422 1863 21.
1449 1822 1511 1871 13,
1536 1821 1571 1863 7.
1597 1821 1661 1871 22,
1685 1821 1721 1863 6.
1748 1821 1812 1871 24,
1837 1821 1900 1863 16.

327 1889 415 1939 167,
448 1888 509 1930 18.
541 1889 632 1939 229,
663 1889 719 1943 6),
751 1892 965 1942 corruptos
995 1887 1271 1942 corruptiores
1299 1885 1547 1929 reddiderit:
1578 1887 1616 1937 6,
1646 1886 1682 1928 9.
1716 1886 1805 1936 174,
1837 1886 1899 1928 16.

326 1954 415 2004 192,
432 1954 468 1996 7.
486 1954 577 2004 224,
594 1955 629 1996 4.
647 1954 738 2004 226,
756 1953 816 1995 15.
834 1954 925 2004 227,
943 1953 1004 1995 18.
1022 1953 1113 2003 228,
1129 1953 1166 1994 4.
1198 1965 1346 1995 manus
1360 1951 1487 1994 tertia
1501 1964 1633 1993 unum
1647 1949 1899 1994 uocabulum

325 2019 392 2061 m2
415 2019 683 2061 emendatum
704 2018 888 2061 mutauit
911 2018 1000 2069 170,
1023 2019 1059 2060 4.
1097 2017 1182 2060 iam
1203 2017 1237 2059 si
1258 2021 1483 2073 quaeratur
1504 2015 1727 2059 alteriusne
1748 2015 1901 2059 codicis

325 2083 479 2126 auxilio
507 2084 619 2127 nisus
648 2088 853 2126 corrector
880 2083 1084 2126 secundus
1110 2082 1324 2138 negotium
1352 2081 1601 2124 emendandi
1627 2080 1900 2132 factitauerit,

325 2162 419 2191 eum
436 2149 606 2191 lacunas
627 2149 777 2204 quibus
797 2149 929 2192 codex
948 2148 1037 2191 hiat
1055 2147 1136 2190 nisi
1155 2147 1235 2191 alio
1256 2147 1396 2190 codice
1415 2148 1469 2190 ad
1488 2146 1721 2189 subsidium
1739 2145 1900 2189 adscito

324 2213 487 2269 explere
513 2227 596 2256 non
623 2213 808 2270 potuisse
835 2218 996 2256 certum
1022 2218 1096 2256 est.
1140 2226 1188 2256 ac
1215 2213 1377 2256 duobus
1403 2212 1575 2268 quidem
1598 2211 1698 2254 locis
1724 2210 1899 2254 alicuius

322 2279 474 2322 codicis
502 2278 701 2322 lectiones
727 2279 896 2334 profert,
923 2279 974 2322 cf.
998 2280 1062 2330 83,
1090 2278 1150 2322 15.
1178 2279 1241 2330 87,
1268 2280 1311 2330 1;
1342 2279 1415 2321 sed
1444 2277 1650 2333 plerisque
1678 2276 1770 2320 aliis
1799 2275 1899 2319 locis

325 2349 597 2387 correctorem
629 2344 709 2387 alio
744 2344 884 2387 codice
916 2358 999 2387 non
1031 2344 1218 2399 inspecto
1253 2344 1336 2387 suis
1370 2342 1616 2386 coniecturis
1658 2341 1900 2384 emendasse

321 2423 405 2452 non
435 2415 497 2452 est
527 2409 820 2452 dubitandum.
868 2409 1047 2452 contulit
1076 2409 1201 2452 Vrba.

251 2473 290 2515 A
441 2475 582 2518 Codex
613 2475 860 2517 Parisin
879 2489 906 2518 u
924 2488 941 2517 s
974 2475 1079 2518 9546
1111 2474 1284 2517 membr.
1319 2473 1433 2516 misc.
1468 2471 1554 2515 foll.
1585 2472 1662 2516 103
1695 2483 1799 2514 saec.
1831 2470 1898 2513 XI

323 2539 535 2583 confectus
551 2540 866 2583 Retractatione
879 2540 1106 2595 praemissa
1119 2539 1246 2583 libros
1261 2540 1313 2583 de
1325 2551 1436 2596 pecc.
1451 2550 1551 2580 mer.
1566 2535 1652 2580 foll.
1667 2530 1898 2580 61b—103b

322 2605 520 2648 continet.
564 2604 634 2648 fol.
666 2607 717 2647 1⁸
741 2604 851 2648 infra
883 2605 1053 2662 legitur:
1091 2604 1193 2647 Sum
1225 2616 1274 2647 ex
1304 2603 1418 2647 libris
1438 2598 1527 2646 Ιόἷὲ
1554 2600 1581 2644 ὰ
1603 2601 1794 2653 Nie‘rken,
1825 2601 1897 2656 qui

320 2682 381 2712 me
419 2670 513 2712 emit
548 2668 574 2711 ἀ
605 2669 657 2711 M
659 2670 851 2724 aqistracu
883 2669 1175 2713 Auriheniemi
1205 2670 1244 2713 2.
1276 2668 1393 2712 Maii
1423 2665 1539 2711 1588.
1586 2667 1688 2710 liber
1723 2667 1777 2710 ab
1810 2679 1894 2710 uno

319 2734 487 2779 librario
513 2739 707 2779 exaratus
732 2735 786 2778 ab
813 2736 1041 2791 codemque
1065 2735 1222 2791 passim
1246 2737 1453 2778 correctus
1478 2734 1554 2775 est.
1595 2735 1761 2788 praeter
1782 2731 1896 2774 hunc

321 2800 402 2844 duo
425 2799 496 2844 alii
515 2814 542 2844 a
560 2805 748 2856 tempore
768 2800 926 2843 librarii
945 2814 1029 2843 non
1050 2799 1232 2844 multum
1253 2799 1459 2843 distantes
1478 2795 1583 2841 libro
1603 2796 1893 2854 perpurgando

320 2878 490 2922 operam
514 2869 745 2917 nauarunt;
772 2866 824 2908 de
849 2878 978 2909 manu
1003 2865 1187 2909 secunda
1211 2864 1262 2908 cf.
1290 2865 1356 2916 24,
1383 2865 1446 2908 13.
1486 2861 1531 2905 in
1555 2861 1742 2920 margine
1765 2860 1894 2904 etiam
