<?xml version="1.0" encoding="UTF-8"?>
<!DOCTYPE html PUBLIC "-//W3C//DTD XHTML 1.0 Transitional//EN"
    "http://www.w3.org/TR/xhtml1/DTD/xhtml1-transitional.dtd">
<html xmlns="http://www.w3.org/1999/xhtml" xml:lang="en" lang="en">
 <head>
  <title>
</title>
<meta http-equiv="Content-Type" content="text/html;charset=utf-8" />
  <meta name='ocr-system' content='tesseract 3.04.00' />
  <meta name='ocr-capabilities' content='ocr_page ocr_carea ocr_par ocr_line ocrx_word'/>
</head>
<body>
  <div class='ocr_page' id='page_1' title='image "./corpusscriptorum60auguuoft_0266.png"; bbox 0 0 2028 3204; ppageno 0'>
   <div class='ocr_carea' id='block_1_1' title="bbox 242 206 1278 260">
    <p class='ocr_par' dir='ltr' id='par_1_1' title="bbox 242 206 1278 260">
     <span class='ocr_line' id='line_1_1' title="bbox 242 206 1278 260; baseline 0.002 -13"><span class='ocrx_word' id='word_1_1' title='bbox 242 206 322 248; x_wconf 79' lang='grc'><strong>236</strong></span> <span class='ocrx_word' id='word_1_2' title='bbox 765 214 830 250; x_wconf 89' lang='lat'>111.</span> <span class='ocrx_word' id='word_1_3' title='bbox 856 215 906 250; x_wconf 89' lang='lat' dir='ltr'>De</span> <span class='ocrx_word' id='word_1_4' title='bbox 939 217 1066 251; x_wconf 84' lang='lat' dir='ltr'>natura</span> <span class='ocrx_word' id='word_1_5' title='bbox 1098 217 1137 250; x_wconf 79' lang='lat' dir='ltr'>et</span> <span class='ocrx_word' id='word_1_6' title='bbox 1166 215 1278 260; x_wconf 81' lang='lat' dir='ltr'>gratia</span> 
     </span>
    </p>
   </div>
   <div class='ocr_carea' id='block_1_2' title="bbox 240 340 1818 2101">
    <p class='ocr_par' dir='ltr' id='par_1_2' title="bbox 240 340 1817 726">
     <span class='ocr_line' id='line_1_2' title="bbox 242 340 1817 395; baseline 0 -12"><span class='ocrx_word' id='word_1_7' title='bbox 242 342 463 384; x_wconf 85' lang='lat' dir='ltr'>noluerunt</span> <span class='ocrx_word' id='word_1_8' title='bbox 492 342 576 383; x_wconf 85' lang='lat' dir='ltr'>siue</span> <span class='ocrx_word' id='word_1_9' title='bbox 606 342 747 386; x_wconf 80' lang='lat' dir='ltr'>etiam,</span> <span class='ocrx_word' id='word_1_10' title='bbox 776 354 868 382; x_wconf 77' lang='lat' dir='ltr'>cum</span> <span class='ocrx_word' id='word_1_11' title='bbox 898 354 969 395; x_wconf 88' lang='lat' dir='ltr'>per</span> <span class='ocrx_word' id='word_1_12' title='bbox 993 346 1178 383; x_wconf 81' lang='lat' dir='ltr'>aetatem</span> <span class='ocrx_word' id='word_1_13' title='bbox 1204 340 1347 382; x_wconf 88' lang='lat' dir='ltr'>audire</span> <span class='ocrx_word' id='word_1_14' title='bbox 1374 354 1455 382; x_wconf 89' lang='lat' dir='ltr'>non</span> <span class='ocrx_word' id='word_1_15' title='bbox 1484 346 1663 395; x_wconf 75' lang='lat' dir='ltr'>possent,</span> <span class='ocrx_word' id='word_1_16' title='bbox 1704 341 1817 383; x_wconf 84' lang='lat' dir='ltr'>laua-</span> 
     </span>
     <span class='ocr_line' id='line_1_3' title="bbox 240 405 1816 462; baseline 0 -13"><span class='ocrx_word' id='word_1_17' title='bbox 240 421 355 449; x_wconf 82' lang='lat' dir='ltr'>c-rum</span> <span class='ocrx_word' id='word_1_18' title='bbox 386 407 706 462; x_wconf 70' lang='lat' dir='ltr'>regenerationis</span> <span class='ocrx_word' id='word_1_19' title='bbox 736 406 846 461; x_wconf 91' lang='lat' dir='ltr'>quod</span> <span class='ocrx_word' id='word_1_20' title='bbox 875 406 1060 461; x_wconf 81' lang='lat' dir='ltr'>accipere</span> <span class='ocrx_word' id='word_1_21' title='bbox 1080 412 1262 461; x_wconf 83' lang='lat' dir='ltr'>possent.</span> <span class='ocrx_word' id='word_1_22' title='bbox 1286 419 1358 461; x_wconf 91' lang='lat' dir='ltr'>per</span> <span class='ocrx_word' id='word_1_23' title='bbox 1387 406 1497 461; x_wconf 90' lang='lat' dir='ltr'>quod</span> <span class='ocrx_word' id='word_1_24' title='bbox 1521 405 1625 448; x_wconf 90' lang='lat' dir='ltr'>salui</span> <span class='ocrx_word' id='word_1_25' title='bbox 1655 406 1816 457; x_wconf 85' lang='lat' dir='ltr'>fierent,</span> 
     </span>
     <span class='ocr_line' id='line_1_4' title="bbox 242 471 1815 527; baseline -0.001 -12"><span class='ocrx_word' id='word_1_26' title='bbox 242 487 324 515; x_wconf 87' lang='lat' dir='ltr'>non</span> <span class='ocrx_word' id='word_1_27' title='bbox 343 477 606 527; x_wconf 82' lang='lat' dir='ltr'>acceperunt,</span> <span class='ocrx_word' id='word_1_28' title='bbox 628 473 734 514; x_wconf 86' lang='lat' dir='ltr'>iuste</span> <span class='ocrx_word' id='word_1_29' title='bbox 754 471 899 526; x_wconf 89' lang='lat' dir='ltr'>utique</span> <span class='ocrx_word' id='word_1_30' title='bbox 918 472 1186 521; x_wconf 80' lang='lat' dir='ltr'>damnantur,</span> <span class='ocrx_word' id='word_1_31' title='bbox 1200 471 1296 526; x_wconf 89' lang='lat' dir='ltr'>quia</span> <span class='ocrx_word' id='word_1_32' title='bbox 1316 471 1402 513; x_wconf 91' lang='lat' dir='ltr'>sine</span> <span class='ocrx_word' id='word_1_33' title='bbox 1415 477 1584 526; x_wconf 84' lang='lat' dir='ltr'>peccato</span> <span class='ocrx_word' id='word_1_34' title='bbox 1603 485 1685 513; x_wconf 92' lang='lat' dir='ltr'>non</span> <span class='ocrx_word' id='word_1_35' title='bbox 1703 476 1815 518; x_wconf 83' lang='lat' dir='ltr'>sunt.</span> 
     </span>
     <span class='ocr_line' id='line_1_5' title="bbox 242 536 1816 593; baseline -0.001 -13"><span class='ocrx_word' id='word_1_36' title='bbox 242 539 307 580; x_wconf 88' lang='lat' dir='ltr'>uel</span> <span class='ocrx_word' id='word_1_37' title='bbox 332 539 441 593; x_wconf 90' lang='lat' dir='ltr'>quod</span> <span class='ocrx_word' id='word_1_38' title='bbox 464 537 718 593; x_wconf 71' lang='lat' dir='ltr'>originaliter</span> <span class='ocrx_word' id='word_1_39' title='bbox 739 541 957 579; x_wconf 82' lang='lat' dir='ltr'>traxerunt</span> <span class='ocrx_word' id='word_1_40' title='bbox 980 537 1045 579; x_wconf 91' lang='lat' dir='ltr'>uel</span> <span class='ocrx_word' id='word_1_41' title='bbox 1068 538 1177 592; x_wconf 90' lang='lat' dir='ltr'>quod</span> <span class='ocrx_word' id='word_1_42' title='bbox 1200 536 1319 579; x_wconf 86' lang='lat' dir='ltr'>malis</span> <span class='ocrx_word' id='word_1_43' title='bbox 1341 537 1523 579; x_wconf 90' lang='lat' dir='ltr'>moribus</span> <span class='ocrx_word' id='word_1_44' title='bbox 1544 537 1816 579; x_wconf 87' lang='lat' dir='ltr'>addiderunt:</span> 
     </span>
     <span class='ocr_line' id='line_1_6' title="bbox 241 602 1816 657; baseline 0 -14"><span class='ocrx_word' id='word_1_45' title='bbox 241 618 441 645; x_wconf 72' lang='lat' dir='ltr'>omnes</span> <span class='ocrx_word' id='word_1_46' title='bbox 468 602 618 645; x_wconf 89' lang='lat' dir='ltr'>enim</span> <span class='ocrx_word' id='word_1_47' title='bbox 643 603 1235 657; x_wconf 83' lang='lat' dir='ltr'>peccauerunt—siue</span> <span class='ocrx_word' id='word_1_48' title='bbox 1256 603 1297 644; x_wconf 93' lang='lat' dir='ltr'>in</span> <span class='ocrx_word' id='word_1_49' title='bbox 1320 602 1559 645; x_wconf 85' lang='lat' dir='ltr'>Adamsiue</span> <span class='ocrx_word' id='word_1_50' title='bbox 1583 602 1622 644; x_wconf 91' lang='lat' dir='ltr'>in</span> <span class='ocrx_word' id='word_1_51' title='bbox 1649 616 1691 644; x_wconf 91' lang='lat' dir='ltr'>se</span> <span class='ocrx_word' id='word_1_52' title='bbox 1718 602 1816 657; x_wconf 85' lang='lat' dir='ltr'>ipsis</span> 
     </span>
     <span class='ocr_line' id='line_1_7' title="bbox 241 668 994 726; baseline -0.001 -15"><span class='ocrx_word' id='word_1_53' title='bbox 241 695 291 699; x_wconf 85' lang='lat'>—</span> <span class='ocrx_word' id='word_1_54' title='bbox 321 675 378 711; x_wconf 87' lang='lat' dir='ltr'>et</span> <span class='ocrx_word' id='word_1_55' title='bbox 416 675 597 726; x_wconf 86' lang='lat' dir='ltr'>egent</span> <span class='ocrx_word' id='word_1_56' title='bbox 639 668 843 724; x_wconf 77' lang='lat' dir='ltr'>gloria</span> <span class='ocrx_word' id='word_1_57' title='bbox 885 668 994 710; x_wconf 90' lang='lat' dir='ltr'>dei.</span> 
     </span>
    </p>

    <p class='ocr_par' dir='ltr' id='par_1_3' title="bbox 241 733 1818 1368">
     <span class='ocr_line' id='line_1_8' title="bbox 349 733 1814 789; baseline -0.001 -14"><span class='ocrx_word' id='word_1_58' title='bbox 349 735 395 777; x_wconf 79' lang='lat' dir='ltr'>V.</span> <span class='ocrx_word' id='word_1_59' title='bbox 427 735 464 778; x_wconf 80' lang='lat'>5.</span> <span class='ocrx_word' id='word_1_60' title='bbox 496 734 698 777; x_wconf 86' lang='lat' dir='ltr'>Vniuersa</span> <span class='ocrx_word' id='word_1_61' title='bbox 741 734 866 789; x_wconf 83' lang='lat' dir='ltr'>igitur</span> <span class='ocrx_word' id='word_1_62' title='bbox 908 747 1044 777; x_wconf 87' lang='lat' dir='ltr'>massa</span> <span class='ocrx_word' id='word_1_63' title='bbox 1086 747 1239 788; x_wconf 87' lang='lat' dir='ltr'>poenas</span> <span class='ocrx_word' id='word_1_64' title='bbox 1282 733 1407 775; x_wconf 85' lang='lat' dir='ltr'>debet</span> <span class='ocrx_word' id='word_1_65' title='bbox 1449 739 1503 782; x_wconf 84' lang='lat' dir='ltr'>et,</span> <span class='ocrx_word' id='word_1_66' title='bbox 1548 733 1581 774; x_wconf 92' lang='lat' dir='ltr'>si</span> <span class='ocrx_word' id='word_1_67' title='bbox 1624 733 1814 775; x_wconf 81' lang='lat' dir='ltr'>omnibus</span> 
     </span>
     <span class='ocr_line' id='line_1_9' title="bbox 245 799 1816 854; baseline -0.002 -11"><span class='ocrx_word' id='word_1_68' title='bbox 245 801 435 843; x_wconf 86' lang='lat' dir='ltr'>debitum</span> <span class='ocrx_word' id='word_1_69' title='bbox 470 799 752 842; x_wconf 84' lang='lat' dir='ltr'>damnationis</span> <span class='ocrx_word' id='word_1_70' title='bbox 787 800 1038 854; x_wconf 84' lang='lat' dir='ltr'>supplicium</span> <span class='ocrx_word' id='word_1_71' title='bbox 1082 799 1334 847; x_wconf 84' lang='lat' dir='ltr'>redderetur,</span> <span class='ocrx_word' id='word_1_72' title='bbox 1371 812 1452 840; x_wconf 91' lang='lat' dir='ltr'>non</span> <span class='ocrx_word' id='word_1_73' title='bbox 1487 799 1639 840; x_wconf 86' lang='lat' dir='ltr'>iniuste</span> <span class='ocrx_word' id='word_1_74' title='bbox 1674 799 1816 853; x_wconf 91' lang='lat' dir='ltr'>procul</span> 
     </span>
     <span class='ocr_line' id='line_1_10' title="bbox 242 864 1817 921; baseline -0.001 -13"><span class='ocrx_word' id='word_1_75' title='bbox 242 867 372 908; x_wconf 90' lang='lat' dir='ltr'>dubio</span> <span class='ocrx_word' id='word_1_76' title='bbox 397 867 650 908; x_wconf 85' lang='lat' dir='ltr'>redderetur.</span> <span class='ocrx_word' id='word_1_77' title='bbox 703 865 773 919; x_wconf 93' lang='lat' dir='ltr'>qui</span> <span class='ocrx_word' id='word_1_78' title='bbox 800 879 894 920; x_wconf 82' lang='lat' dir='ltr'>ergo</span> <span class='ocrx_word' id='word_1_79' title='bbox 920 865 1015 907; x_wconf 90' lang='lat' dir='ltr'>inde</span> <span class='ocrx_word' id='word_1_80' title='bbox 1041 878 1113 920; x_wconf 87' lang='lat' dir='ltr'>per</span> <span class='ocrx_word' id='word_1_81' title='bbox 1137 865 1316 921; x_wconf 82' lang='lat' dir='ltr'>gratiam</span> <span class='ocrx_word' id='word_1_82' title='bbox 1342 864 1583 911; x_wconf 77' lang='lat' dir='ltr'>liberantur,</span> <span class='ocrx_word' id='word_1_83' title='bbox 1610 877 1691 905; x_wconf 92' lang='lat' dir='ltr'>non</span> <span class='ocrx_word' id='word_1_84' title='bbox 1719 878 1817 906; x_wconf 83' lang='lat' dir='ltr'>uasa</span> 
     </span>
     <span class='ocr_line' id='line_1_11' title="bbox 244 929 1815 978; baseline -0.001 -5"><span class='ocrx_word' id='word_1_85' title='bbox 244 932 486 973; x_wconf 86' lang='lat' dir='ltr'>meritorum</span> <span class='ocrx_word' id='word_1_86' title='bbox 526 945 708 978; x_wconf 89' lang='lat' dir='ltr'>suorum,</span> <span class='ocrx_word' id='word_1_87' title='bbox 749 931 819 973; x_wconf 87' lang='lat' dir='ltr'>sed</span> <span class='ocrx_word' id='word_1_88' title='bbox 860 944 959 974; x_wconf 84' lang='lat' dir='ltr'>uasa</span> <span class='ocrx_word' id='word_1_89' title='bbox 999 930 1301 973; x_wconf 84' lang='lat' dir='ltr'>misericordiae</span> <span class='ocrx_word' id='word_1_90' title='bbox 1341 930 1622 971; x_wconf 84' lang='lat' dir='ltr'>nominantur.</span> <span class='ocrx_word' id='word_1_91' title='bbox 1701 929 1815 971; x_wconf 86' lang='lat' dir='ltr'>cuius</span> 
     </span>
     <span class='ocr_line' id='line_1_12' title="bbox 242 995 1818 1051; baseline -0.002 -12"><span class='ocrx_word' id='word_1_92' title='bbox 242 997 544 1039; x_wconf 69' lang='lat' dir='ltr'>misericordiae</span> <span class='ocrx_word' id='word_1_93' title='bbox 565 997 642 1039; x_wconf 92' lang='lat' dir='ltr'>nisi</span> <span class='ocrx_word' id='word_1_94' title='bbox 664 997 784 1045; x_wconf 81' lang='lat' dir='ltr'>illius,</span> <span class='ocrx_word' id='word_1_95' title='bbox 806 996 878 1051; x_wconf 92' lang='lat' dir='ltr'>qui</span> <span class='ocrx_word' id='word_1_96' title='bbox 899 996 1109 1039; x_wconf 81' lang='lat' dir='ltr'>Christum</span> <span class='ocrx_word' id='word_1_97' title='bbox 1132 996 1269 1039; x_wconf 92' lang='lat' dir='ltr'>Iesum</span> <span class='ocrx_word' id='word_1_98' title='bbox 1291 995 1403 1037; x_wconf 84' lang='lat' dir='ltr'>misit</span> <span class='ocrx_word' id='word_1_99' title='bbox 1423 995 1465 1037; x_wconf 94' lang='lat' dir='ltr'>in</span> <span class='ocrx_word' id='word_1_100' title='bbox 1486 996 1595 1037; x_wconf 88' lang='lat' dir='ltr'>hunc</span> <span class='ocrx_word' id='word_1_101' title='bbox 1616 995 1818 1037; x_wconf 89' lang='lat' dir='ltr'>mundum</span> 
     </span>
     <span class='ocr_line' id='line_1_13' title="bbox 241 1060 1818 1119; baseline -0.002 -14"><span class='ocrx_word' id='word_1_102' title='bbox 241 1069 478 1119; x_wconf 74' lang='lat' dir='ltr'>peccatores</span> <span class='ocrx_word' id='word_1_103' title='bbox 497 1063 632 1105; x_wconf 91' lang='lat' dir='ltr'>saluos</span> <span class='ocrx_word' id='word_1_104' title='bbox 652 1063 798 1111; x_wconf 87' lang='lat' dir='ltr'>facere,</span> <span class='ocrx_word' id='word_1_105' title='bbox 821 1075 922 1117; x_wconf 88' lang='lat' dir='ltr'>quos</span> <span class='ocrx_word' id='word_1_106' title='bbox 941 1062 1165 1117; x_wconf 87' lang='lat' dir='ltr'>praesciuit</span> <span class='ocrx_word' id='word_1_107' title='bbox 1182 1067 1224 1104; x_wconf 86' lang='lat' dir='ltr'>et</span> <span class='ocrx_word' id='word_1_108' title='bbox 1242 1060 1569 1116; x_wconf 77' lang='lat' dir='ltr'>praedestinaiiit</span> <span class='ocrx_word' id='word_1_109' title='bbox 1589 1066 1632 1102; x_wconf 88' lang='lat' dir='ltr'>et</span> <span class='ocrx_word' id='word_1_110' title='bbox 1650 1060 1818 1102; x_wconf 88' lang='lat' dir='ltr'>uocauit</span> 
     </span>
     <span class='ocr_line' id='line_1_14' title="bbox 241 1125 1818 1184; baseline -0.003 -14"><span class='ocrx_word' id='word_1_111' title='bbox 241 1134 284 1170; x_wconf 90' lang='lat' dir='ltr'>et</span> <span class='ocrx_word' id='word_1_112' title='bbox 309 1128 557 1171; x_wconf 87' lang='lat' dir='ltr'>iustificauit</span> <span class='ocrx_word' id='word_1_113' title='bbox 579 1134 623 1169; x_wconf 85' lang='lat' dir='ltr'>et</span> <span class='ocrx_word' id='word_1_114' title='bbox 645 1126 920 1184; x_wconf 77' lang='lat' dir='ltr'>glorificauit?</span> <span class='ocrx_word' id='word_1_115' title='bbox 968 1127 1058 1182; x_wconf 89' lang='lat' dir='ltr'>quis</span> <span class='ocrx_word' id='word_1_116' title='bbox 1083 1127 1208 1183; x_wconf 85' lang='lat' dir='ltr'>igitur</span> <span class='ocrx_word' id='word_1_117' title='bbox 1231 1140 1360 1182; x_wconf 88' lang='lat' dir='ltr'>usquc</span> <span class='ocrx_word' id='word_1_118' title='bbox 1384 1127 1486 1169; x_wconf 87' lang='lat' dir='ltr'>adeo</span> <span class='ocrx_word' id='word_1_119' title='bbox 1510 1125 1818 1167; x_wconf 81' lang='lat' dir='ltr'>dementissime</span> 
     </span>
     <span class='ocr_line' id='line_1_15' title="bbox 242 1191 1817 1248; baseline -0.003 -12"><span class='ocrx_word' id='word_1_120' title='bbox 242 1195 437 1242; x_wconf 81' lang='lat' dir='ltr'>insaniat,</span> <span class='ocrx_word' id='word_1_121' title='bbox 467 1199 516 1236; x_wconf 92' lang='lat' dir='ltr'>ut</span> <span class='ocrx_word' id='word_1_122' title='bbox 542 1207 625 1236; x_wconf 88' lang='lat' dir='ltr'>non</span> <span class='ocrx_word' id='word_1_123' title='bbox 654 1198 752 1248; x_wconf 84' lang='lat' dir='ltr'>agat</span> <span class='ocrx_word' id='word_1_124' title='bbox 780 1192 1012 1235; x_wconf 78' lang='lat' dir='ltr'>ineffabiles</span> <span class='ocrx_word' id='word_1_125' title='bbox 1040 1194 1194 1247; x_wconf 76' lang='lat' dir='ltr'>gratias</span> <span class='ocrx_word' id='word_1_126' title='bbox 1223 1192 1526 1234; x_wconf 82' lang='lat' dir='ltr'>misericordiae</span> <span class='ocrx_word' id='word_1_127' title='bbox 1555 1204 1657 1246; x_wconf 89' lang='lat' dir='ltr'>quos</span> <span class='ocrx_word' id='word_1_128' title='bbox 1686 1191 1817 1234; x_wconf 89' lang='lat' dir='ltr'>uoluit</span> 
     </span>
     <span class='ocr_line' id='line_1_16' title="bbox 242 1257 1817 1314; baseline -0.002 -13"><span class='ocrx_word' id='word_1_129' title='bbox 242 1260 469 1310; x_wconf 73' lang='lat' dir='ltr'>liberantis,</span> <span class='ocrx_word' id='word_1_130' title='bbox 499 1260 569 1314; x_wconf 90' lang='lat' dir='ltr'>qui</span> <span class='ocrx_word' id='word_1_131' title='bbox 595 1264 705 1302; x_wconf 89' lang='lat' dir='ltr'>recte</span> <span class='ocrx_word' id='word_1_132' title='bbox 732 1259 842 1301; x_wconf 81' lang='lat' dir='ltr'>nullo</span> <span class='ocrx_word' id='word_1_133' title='bbox 870 1260 992 1301; x_wconf 89' lang='lat' dir='ltr'>modo</span> <span class='ocrx_word' id='word_1_134' title='bbox 1020 1265 1159 1313; x_wconf 86' lang='lat' dir='ltr'>posset</span> <span class='ocrx_word' id='word_1_135' title='bbox 1184 1259 1349 1313; x_wconf 86' lang='lat' dir='ltr'>culpare</span> <span class='ocrx_word' id='word_1_136' title='bbox 1376 1257 1580 1300; x_wconf 86' lang='lat' dir='ltr'>iustitiam</span> <span class='ocrx_word' id='word_1_137' title='bbox 1605 1257 1817 1299; x_wconf 87' lang='lat' dir='ltr'>uniuersos</span> 
     </span>
     <span class='ocr_line' id='line_1_17' title="bbox 242 1324 710 1368; baseline -0.002 -1"><span class='ocrx_word' id='word_1_138' title='bbox 242 1327 411 1368; x_wconf 85' lang='lat' dir='ltr'>omnino</span> <span class='ocrx_word' id='word_1_139' title='bbox 442 1324 710 1368; x_wconf 83' lang='lat' dir='ltr'>damnantis?</span> 
     </span>
    </p>

    <p class='ocr_par' dir='ltr' id='par_1_4' title="bbox 241 1387 1818 1966">
     <span class='ocr_line' id='line_1_18' title="bbox 349 1387 1818 1445; baseline -0.003 -12"><span class='ocrx_word' id='word_1_140' title='bbox 349 1391 420 1433; x_wconf 83' lang='lat' dir='ltr'>VJ.</span> <span class='ocrx_word' id='word_1_141' title='bbox 459 1392 494 1433; x_wconf 90' lang='grc'>6.</span> <span class='ocrx_word' id='word_1_142' title='bbox 534 1391 625 1433; x_wconf 91' lang='lat' dir='ltr'>Hoc</span> <span class='ocrx_word' id='word_1_143' title='bbox 662 1391 696 1432; x_wconf 89' lang='lat' dir='ltr'>si</span> <span class='ocrx_word' id='word_1_144' title='bbox 731 1390 959 1432; x_wconf 88' lang='lat' dir='ltr'>secundum</span> <span class='ocrx_word' id='word_1_145' title='bbox 995 1390 1219 1445; x_wconf 83' lang='lat' dir='ltr'>scripturas</span> <span class='ocrx_word' id='word_1_146' title='bbox 1255 1389 1479 1444; x_wconf 86' lang='lat' dir='ltr'>sapiamus,</span> <span class='ocrx_word' id='word_1_147' title='bbox 1517 1402 1598 1430; x_wconf 91' lang='lat' dir='ltr'>non</span> <span class='ocrx_word' id='word_1_148' title='bbox 1635 1387 1818 1443; x_wconf 83' lang='lat' dir='ltr'>cogimur</span> 
     </span>
     <span class='ocr_line' id='line_1_19' title="bbox 243 1453 1817 1512; baseline -0.004 -13"><span class='ocrx_word' id='word_1_149' title='bbox 243 1462 388 1499; x_wconf 88' lang='lat' dir='ltr'>eontra</span> <span class='ocrx_word' id='word_1_150' title='bbox 415 1457 686 1499; x_wconf 81' lang='lat' dir='ltr'>christianam</span> <span class='ocrx_word' id='word_1_151' title='bbox 711 1456 890 1512; x_wconf 85' lang='lat' dir='ltr'>gratiam</span> <span class='ocrx_word' id='word_1_152' title='bbox 915 1455 1130 1510; x_wconf 88' lang='lat' dir='ltr'>disputare</span> <span class='ocrx_word' id='word_1_153' title='bbox 1156 1461 1198 1497; x_wconf 87' lang='lat' dir='ltr'>et</span> <span class='ocrx_word' id='word_1_154' title='bbox 1225 1469 1272 1497; x_wconf 84' lang='lat' dir='ltr'>ea</span> <span class='ocrx_word' id='word_1_155' title='bbox 1297 1455 1444 1503; x_wconf 83' lang='lat' dir='ltr'>dicere,</span> <span class='ocrx_word' id='word_1_156' title='bbox 1474 1453 1623 1508; x_wconf 90' lang='lat' dir='ltr'>quibus</span> <span class='ocrx_word' id='word_1_157' title='bbox 1649 1453 1817 1494; x_wconf 92' lang='lat' dir='ltr'>demon-</span> 
     </span>
     <span class='ocr_line' id='line_1_20' title="bbox 244 1518 1816 1575; baseline -0.003 -11"><span class='ocrx_word' id='word_1_158' title='bbox 244 1529 375 1565; x_wconf 85' lang='lat' dir='ltr'>strare</span> <span class='ocrx_word' id='word_1_159' title='bbox 423 1536 617 1564; x_wconf 87' lang='lat' dir='ltr'>conemur</span> <span class='ocrx_word' id='word_1_160' title='bbox 660 1528 853 1564; x_wconf 90' lang='lat' dir='ltr'>naturam</span> <span class='ocrx_word' id='word_1_161' title='bbox 897 1522 1126 1563; x_wconf 86' lang='lat' dir='ltr'>humanam</span> <span class='ocrx_word' id='word_1_162' title='bbox 1168 1534 1300 1575; x_wconf 83' lang='lat' dir='ltr'>neque</span> <span class='ocrx_word' id='word_1_163' title='bbox 1345 1520 1387 1561; x_wconf 92' lang='lat' dir='ltr'>in</span> <span class='ocrx_word' id='word_1_164' title='bbox 1431 1518 1614 1574; x_wconf 85' lang='lat' dir='ltr'>paruulis</span> <span class='ocrx_word' id='word_1_165' title='bbox 1659 1518 1816 1560; x_wconf 88' lang='lat' dir='ltr'>medico</span> 
     </span>
     <span class='ocr_line' id='line_1_21' title="bbox 241 1583 1818 1644; baseline -0.003 -14"><span class='ocrx_word' id='word_1_166' title='bbox 241 1588 436 1644; x_wconf 76' lang='lat' dir='ltr'>indigere,</span> <span class='ocrx_word' id='word_1_167' title='bbox 466 1589 561 1642; x_wconf 92' lang='lat' dir='ltr'>quia</span> <span class='ocrx_word' id='word_1_168' title='bbox 588 1602 689 1630; x_wconf 88' lang='lat' dir='ltr'>sana</span> <span class='ocrx_word' id='word_1_169' title='bbox 715 1592 792 1637; x_wconf 88' lang='lat' dir='ltr'>est,</span> <span class='ocrx_word' id='word_1_170' title='bbox 812 1592 854 1629; x_wconf 87' lang='lat' dir='ltr'>et</span> <span class='ocrx_word' id='word_1_171' title='bbox 880 1587 923 1629; x_wconf 91' lang='lat' dir='ltr'>in</span> <span class='ocrx_word' id='word_1_172' title='bbox 949 1587 1173 1629; x_wconf 87' lang='lat' dir='ltr'>maioribus</span> <span class='ocrx_word' id='word_1_173' title='bbox 1200 1586 1278 1628; x_wconf 90' lang='lat' dir='ltr'>sibi</span> <span class='ocrx_word' id='word_1_174' title='bbox 1306 1586 1439 1640; x_wconf 90' lang='lat' dir='ltr'>ipsam</span> <span class='ocrx_word' id='word_1_175' title='bbox 1464 1585 1517 1627; x_wconf 90' lang='lat' dir='ltr'>ad</span> <span class='ocrx_word' id='word_1_176' title='bbox 1546 1583 1762 1633; x_wconf 85' lang='lat' dir='ltr'>iustitiam,</span> <span class='ocrx_word' id='word_1_177' title='bbox 1783 1583 1818 1625; x_wconf 90' lang='lat' dir='ltr'>si</span> 
     </span>
     <span class='ocr_line' id='line_1_22' title="bbox 243 1649 1818 1708; baseline -0.004 -12"><span class='ocrx_word' id='word_1_178' title='bbox 243 1654 358 1698; x_wconf 78' lang='lat' dir='ltr'>uelit.</span> <span class='ocrx_word' id='word_1_179' title='bbox 378 1667 495 1708; x_wconf 86' lang='lat' dir='ltr'>posse</span> <span class='ocrx_word' id='word_1_180' title='bbox 515 1653 717 1695; x_wconf 78' lang='lat' dir='ltr'>sufficere.</span> <span class='ocrx_word' id='word_1_181' title='bbox 752 1658 875 1694; x_wconf 86' lang='lat' dir='ltr'>acute</span> <span class='ocrx_word' id='word_1_182' title='bbox 894 1653 1047 1707; x_wconf 90' lang='lat' dir='ltr'>quippe</span> <span class='ocrx_word' id='word_1_183' title='bbox 1065 1652 1260 1694; x_wconf 88' lang='lat' dir='ltr'>uidentur</span> <span class='ocrx_word' id='word_1_184' title='bbox 1277 1652 1378 1693; x_wconf 89' lang='lat' dir='ltr'>haec</span> <span class='ocrx_word' id='word_1_185' title='bbox 1396 1650 1488 1696; x_wconf 77' lang='lat' dir='ltr'>dici,</span> <span class='ocrx_word' id='word_1_186' title='bbox 1507 1650 1579 1692; x_wconf 92' lang='lat' dir='ltr'>sed</span> <span class='ocrx_word' id='word_1_187' title='bbox 1598 1649 1639 1691; x_wconf 91' lang='lat' dir='ltr'>in</span> <span class='ocrx_word' id='word_1_188' title='bbox 1657 1649 1818 1703; x_wconf 81' lang='lat' dir='ltr'>sapien-</span> 
     </span>
     <span class='ocr_line' id='line_1_23' title="bbox 242 1715 1818 1773; baseline -0.004 -12"><span class='ocrx_word' id='word_1_189' title='bbox 242 1720 302 1762; x_wconf 87' lang='lat' dir='ltr'>tia</span> <span class='ocrx_word' id='word_1_190' title='bbox 327 1719 455 1769; x_wconf 91' lang='lat' dir='ltr'>uerbi,</span> <span class='ocrx_word' id='word_1_191' title='bbox 483 1732 565 1773; x_wconf 89' lang='lat' dir='ltr'>qua</span> <span class='ocrx_word' id='word_1_192' title='bbox 583 1723 811 1761; x_wconf 83' lang='lat' dir='ltr'>euacuatur</span> <span class='ocrx_word' id='word_1_193' title='bbox 830 1731 931 1760; x_wconf 82' lang='lat' dir='ltr'>crux</span> <span class='ocrx_word' id='word_1_194' title='bbox 948 1717 1113 1768; x_wconf 82' lang='lat' dir='ltr'>Christi,</span> <span class='ocrx_word' id='word_1_195' title='bbox 1152 1731 1179 1758; x_wconf 93' lang='lat' dir='ltr'>n</span> <span class='ocrx_word' id='word_1_196' title='bbox 1197 1732 1219 1759; x_wconf 93' lang='lat' dir='ltr'>o</span> <span class='ocrx_word' id='word_1_197' title='bbox 1237 1731 1264 1758; x_wconf 92' lang='lat' dir='ltr'>n</span> <span class='ocrx_word' id='word_1_198' title='bbox 1298 1731 1319 1758; x_wconf 89' lang='lat' dir='ltr'>e</span> <span class='ocrx_word' id='word_1_199' title='bbox 1337 1730 1355 1757; x_wconf 90' lang='lat' dir='ltr'>s</span> <span class='ocrx_word' id='word_1_200' title='bbox 1372 1722 1391 1756; x_wconf 89' lang='lat' dir='ltr'>t</span> <span class='ocrx_word' id='word_1_201' title='bbox 1427 1715 1440 1757; x_wconf 91' lang='lat' dir='ltr'>i</span> <span class='ocrx_word' id='word_1_202' title='bbox 1457 1729 1474 1757; x_wconf 94' lang='lat' dir='ltr'>s</span> <span class='ocrx_word' id='word_1_203' title='bbox 1493 1721 1512 1756; x_wconf 91' lang='lat' dir='ltr'>t</span> <span class='ocrx_word' id='word_1_204' title='bbox 1527 1729 1551 1757; x_wconf 87' lang='lat' dir='ltr'>a</span> <span class='ocrx_word' id='word_1_205' title='bbox 1586 1728 1603 1756; x_wconf 93' lang='lat' dir='ltr'>s</span> <span class='ocrx_word' id='word_1_206' title='bbox 1619 1729 1644 1757; x_wconf 87' lang='lat' dir='ltr'>a</span> <span class='ocrx_word' id='word_1_207' title='bbox 1662 1728 1688 1769; x_wconf 94' lang='lat' dir='ltr'>p</span> <span class='ocrx_word' id='word_1_208' title='bbox 1706 1715 1719 1756; x_wconf 91' lang='lat' dir='ltr'>i</span> <span class='ocrx_word' id='word_1_209' title='bbox 1735 1728 1756 1756; x_wconf 90' lang='lat' dir='ltr'>e</span> <span class='ocrx_word' id='word_1_210' title='bbox 1773 1728 1818 1756; x_wconf 92' lang='lat' dir='ltr'>n-</span> 
     </span>
     <span class='ocr_line' id='line_1_24' title="bbox 241 1780 1816 1837; baseline -0.004 -10"><span class='ocrx_word' id='word_1_211' title='bbox 241 1792 261 1828; x_wconf 88' lang='lat' dir='ltr'>t</span> <span class='ocrx_word' id='word_1_212' title='bbox 278 1786 289 1827; x_wconf 95' lang='lat' dir='ltr'>i</span> <span class='ocrx_word' id='word_1_213' title='bbox 307 1800 331 1828; x_wconf 90' lang='lat' dir='ltr'>a</span> <span class='ocrx_word' id='word_1_214' title='bbox 363 1785 389 1826; x_wconf 95' lang='lat' dir='ltr'>d</span> <span class='ocrx_word' id='word_1_215' title='bbox 405 1798 428 1826; x_wconf 88' lang='lat' dir='ltr'>e</span> <span class='ocrx_word' id='word_1_216' title='bbox 445 1799 463 1827; x_wconf 93' lang='lat' dir='ltr'>s</span> <span class='ocrx_word' id='word_1_217' title='bbox 481 1798 545 1826; x_wconf 91' lang='lat' dir='ltr'>ur</span> <span class='ocrx_word' id='word_1_218' title='bbox 561 1798 578 1826; x_wconf 88' lang='lat' dir='ltr'>s</span> <span class='ocrx_word' id='word_1_219' title='bbox 598 1799 623 1826; x_wconf 92' lang='lat' dir='ltr'>u</span> <span class='ocrx_word' id='word_1_220' title='bbox 641 1798 683 1825; x_wconf 90' lang='lat' dir='ltr'>m</span> <span class='ocrx_word' id='word_1_221' title='bbox 714 1784 741 1826; x_wconf 91' lang='lat' dir='ltr'>d</span> <span class='ocrx_word' id='word_1_222' title='bbox 759 1798 779 1825; x_wconf 84' lang='lat' dir='ltr'>e</span> <span class='ocrx_word' id='word_1_223' title='bbox 797 1798 814 1825; x_wconf 92' lang='lat' dir='ltr'>s</span> <span class='ocrx_word' id='word_1_224' title='bbox 832 1798 852 1825; x_wconf 95' lang='lat' dir='ltr'>c</span> <span class='ocrx_word' id='word_1_225' title='bbox 870 1798 890 1825; x_wconf 88' lang='lat' dir='ltr'>e</span> <span class='ocrx_word' id='word_1_226' title='bbox 908 1797 935 1825; x_wconf 93' lang='lat' dir='ltr'>n</span> <span class='ocrx_word' id='word_1_227' title='bbox 952 1784 979 1825; x_wconf 93' lang='lat' dir='ltr'>d</span> <span class='ocrx_word' id='word_1_228' title='bbox 997 1797 1016 1825; x_wconf 85' lang='lat' dir='ltr'>e</span> <span class='ocrx_word' id='word_1_229' title='bbox 1035 1797 1061 1825; x_wconf 94' lang='lat' dir='ltr'>n</span> <span class='ocrx_word' id='word_1_230' title='bbox 1078 1797 1109 1824; x_wconf 84' lang='lat' dir='ltr'>S.</span> <span class='ocrx_word' id='word_1_231' title='bbox 1138 1783 1232 1825; x_wconf 92' lang='lat' dir='ltr'>nolo</span> <span class='ocrx_word' id='word_1_232' title='bbox 1262 1782 1371 1837; x_wconf 89' lang='lat' dir='ltr'>quod</span> <span class='ocrx_word' id='word_1_233' title='bbox 1398 1780 1586 1835; x_wconf 87' lang='lat' dir='ltr'>sequitur</span> <span class='ocrx_word' id='word_1_234' title='bbox 1601 1780 1748 1829; x_wconf 84' lang='lat' dir='ltr'>dicere,</span> <span class='ocrx_word' id='word_1_235' title='bbox 1766 1794 1816 1822; x_wconf 87' lang='lat' dir='ltr'>ne</span> 
     </span>
     <span class='ocr_line' id='line_1_25' title="bbox 241 1846 1816 1905; baseline -0.004 -13"><span class='ocrx_word' id='word_1_236' title='bbox 241 1850 385 1892; x_wconf 86' lang='lat' dir='ltr'>amicis</span> <span class='ocrx_word' id='word_1_237' title='bbox 402 1851 569 1900; x_wconf 89' lang='lat' dir='ltr'>nostris,</span> <span class='ocrx_word' id='word_1_238' title='bbox 591 1863 766 1905; x_wconf 89' lang='lat' dir='ltr'>quorum</span> <span class='ocrx_word' id='word_1_239' title='bbox 784 1849 1009 1892; x_wconf 86' lang='lat' dir='ltr'>fortissima</span> <span class='ocrx_word' id='word_1_240' title='bbox 1027 1854 1069 1890; x_wconf 90' lang='lat' dir='ltr'>et</span> <span class='ocrx_word' id='word_1_241' title='bbox 1087 1848 1295 1890; x_wconf 87' lang='lat' dir='ltr'>celerrima</span> <span class='ocrx_word' id='word_1_242' title='bbox 1312 1847 1476 1902; x_wconf 79' lang='lat' dir='ltr'>ingenia</span> <span class='ocrx_word' id='word_1_243' title='bbox 1493 1860 1575 1888; x_wconf 88' lang='lat' dir='ltr'>non</span> <span class='ocrx_word' id='word_1_244' title='bbox 1593 1846 1635 1888; x_wconf 93' lang='lat' dir='ltr'>in</span> <span class='ocrx_word' id='word_1_245' title='bbox 1654 1858 1816 1900; x_wconf 88' lang='lat' dir='ltr'>peruer-</span> 
     </span>
     <span class='ocr_line' id='line_1_26' title="bbox 242 1910 1813 1966; baseline -0.004 -8"><span class='ocrx_word' id='word_1_246' title='bbox 242 1930 347 1966; x_wconf 82' lang='lat' dir='ltr'>sum,</span> <span class='ocrx_word' id='word_1_247' title='bbox 366 1918 437 1959; x_wconf 87' lang='lat' dir='ltr'>sed</span> <span class='ocrx_word' id='word_1_248' title='bbox 459 1916 501 1958; x_wconf 91' lang='lat' dir='ltr'>in</span> <span class='ocrx_word' id='word_1_249' title='bbox 518 1916 723 1958; x_wconf 89' lang='lat' dir='ltr'>directum</span> <span class='ocrx_word' id='word_1_250' title='bbox 741 1928 900 1956; x_wconf 87' lang='lat' dir='ltr'>currere</span> <span class='ocrx_word' id='word_1_251' title='bbox 918 1915 1121 1963; x_wconf 90' lang='lat' dir='ltr'>uolumus,</span> <span class='ocrx_word' id='word_1_252' title='bbox 1141 1913 1273 1956; x_wconf 82' lang='lat' dir='ltr'>facere</span> <span class='ocrx_word' id='word_1_253' title='bbox 1297 1912 1581 1955; x_wconf 85' lang='lat' dir='ltr'>existimemur</span> <span class='ocrx_word' id='word_1_254' title='bbox 1606 1910 1813 1953; x_wconf 89' lang='lat' dir='ltr'>iniuriam.</span> 
     </span>
    </p>

    <p class='ocr_par' dir='ltr' id='par_1_5' title="bbox 240 1975 1818 2101">
     <span class='ocr_line' id='line_1_27' title="bbox 349 1975 1818 2036; baseline -0.005 -12"><span class='ocrx_word' id='word_1_255' title='bbox 349 1981 444 2024; x_wconf 90' lang='lat' dir='ltr'><strong>VII.</strong></span> <span class='ocrx_word' id='word_1_256' title='bbox 473 1982 508 2024; x_wconf 85' lang='lat'>7.</span> <span class='ocrx_word' id='word_1_257' title='bbox 554 1981 719 2030; x_wconf 85' lang='lat' dir='ltr'>Quanto</span> <span class='ocrx_word' id='word_1_258' title='bbox 747 1980 872 2036; x_wconf 84' lang='lat' dir='ltr'>igitur</span> <span class='ocrx_word' id='word_1_259' title='bbox 898 1981 981 2022; x_wconf 91' lang='lat' dir='ltr'>zelo</span> <span class='ocrx_word' id='word_1_260' title='bbox 1007 1993 1202 2022; x_wconf 82' lang='lat' dir='ltr'>accensus</span> <span class='ocrx_word' id='word_1_261' title='bbox 1228 1984 1290 2021; x_wconf 89' lang='lat' dir='ltr'>est</span> <span class='ocrx_word' id='word_1_262' title='bbox 1316 1977 1409 2020; x_wconf 92' lang='lat' dir='ltr'>libri</span> <span class='ocrx_word' id='word_1_263' title='bbox 1433 1978 1567 2027; x_wconf 91' lang='lat' dir='ltr'>huius,</span> <span class='ocrx_word' id='word_1_264' title='bbox 1596 1989 1719 2031; x_wconf 87' lang='lat' dir='ltr'>quem</span> <span class='ocrx_word' id='word_1_265' title='bbox 1743 1975 1818 2017; x_wconf 92' lang='lat' dir='ltr'>mi-</span> 
     </span>
     <span class='ocr_line' id='line_1_28' title="bbox 240 2042 1817 2101; baseline -0.004 -11"><span class='ocrx_word' id='word_1_266' title='bbox 240 2047 366 2097; x_wconf 86' lang='lat' dir='ltr'>sistis,</span> <span class='ocrx_word' id='word_1_267' title='bbox 386 2047 575 2089; x_wconf 90' lang='lat' dir='ltr'>conditor</span> <span class='ocrx_word' id='word_1_268' title='bbox 595 2047 794 2089; x_wconf 87' lang='lat' dir='ltr'>aduersus</span> <span class='ocrx_word' id='word_1_269' title='bbox 813 2059 880 2088; x_wconf 89' lang='lat' dir='ltr'>eos</span> <span class='ocrx_word' id='word_1_270' title='bbox 899 2046 970 2101; x_wconf 92' lang='lat' dir='ltr'>qui</span> <span class='ocrx_word' id='word_1_271' title='bbox 987 2045 1166 2100; x_wconf 81' lang='lat' dir='ltr'>peccatis</span> <span class='ocrx_word' id='word_1_272' title='bbox 1183 2044 1266 2087; x_wconf 92' lang='lat' dir='ltr'>suis</span> <span class='ocrx_word' id='word_1_273' title='bbox 1284 2042 1561 2099; x_wconf 85' lang='lat' dir='ltr'>patrocinium</span> <span class='ocrx_word' id='word_1_274' title='bbox 1577 2042 1628 2084; x_wconf 91' lang='lat' dir='ltr'>de</span> <span class='ocrx_word' id='word_1_275' title='bbox 1643 2045 1817 2084; x_wconf 84' lang='lat' dir='ltr'>naturae</span> 
     </span>
    </p>
   </div>
   <div class='ocr_carea' id='block_1_3' title="bbox 245 2183 1817 2290">
    <p class='ocr_par' dir='ltr' id='par_1_6' title="bbox 245 2183 1817 2290">
     <span class='ocr_line' id='line_1_29' title="bbox 335 2183 1817 2231; baseline -0.005 -6"><span class='ocrx_word' id='word_1_276' title='bbox 335 2192 351 2225; x_wconf 96' lang='lat'>1</span> <span class='ocrx_word' id='word_1_277' title='bbox 376 2190 419 2225; x_wconf 78' lang='lat' dir='ltr'>cf.</span> <span class='ocrx_word' id='word_1_278' title='bbox 441 2189 509 2225; x_wconf 81' lang='lat' dir='ltr'>Tit.</span> <span class='ocrx_word' id='word_1_279' title='bbox 531 2191 564 2231; x_wconf 89' lang='lat'>3,</span> <span class='ocrx_word' id='word_1_280' title='bbox 586 2190 607 2223; x_wconf 84' lang='lat'>5</span> <span class='ocrx_word' id='word_1_281' title='bbox 681 2189 702 2223; x_wconf 85' lang='lat'>5</span> <span class='ocrx_word' id='word_1_282' title='bbox 721 2189 822 2223; x_wconf 90' lang='lat' dir='ltr'>Rom.</span> <span class='ocrx_word' id='word_1_283' title='bbox 844 2189 876 2230; x_wconf 89' lang='lat'>3,</span> <span class='ocrx_word' id='word_1_284' title='bbox 894 2189 936 2224; x_wconf 83' lang='lat'>23</span> <span class='ocrx_word' id='word_1_285' title='bbox 1023 2189 1068 2223; x_wconf 90' lang='grc'>10</span> <span class='ocrx_word' id='word_1_286' title='bbox 1083 2188 1128 2222; x_wconf 82' lang='lat' dir='ltr'>cf.</span> <span class='ocrx_word' id='word_1_287' title='bbox 1154 2188 1255 2223; x_wconf 90' lang='lat' dir='ltr'>Rom.</span> <span class='ocrx_word' id='word_1_288' title='bbox 1277 2187 1310 2228; x_wconf 88' lang='lat'>9,</span> <span class='ocrx_word' id='word_1_289' title='bbox 1328 2188 1370 2222; x_wconf 90' lang='grc'>23</span> <span class='ocrx_word' id='word_1_290' title='bbox 1449 2188 1488 2221; x_wconf 93' lang='grc'>11</span> <span class='ocrx_word' id='word_1_291' title='bbox 1512 2185 1554 2220; x_wconf 75' lang='lat' dir='ltr'>ef.</span> <span class='ocrx_word' id='word_1_292' title='bbox 1583 2185 1599 2219; x_wconf 97' lang='lat' dir='ltr'>I</span> <span class='ocrx_word' id='word_1_293' title='bbox 1620 2183 1708 2218; x_wconf 90' lang='lat' dir='ltr'>Tim.</span> <span class='ocrx_word' id='word_1_294' title='bbox 1730 2183 1817 2224; x_wconf 86' lang='lat'>1,15</span> 
     </span>
     <span class='ocr_line' id='line_1_30' title="bbox 245 2246 1468 2290; baseline -0.003 -5"><span class='ocrx_word' id='word_1_295' title='bbox 245 2251 290 2285; x_wconf 82' lang='lat'>12</span> <span class='ocrx_word' id='word_1_296' title='bbox 313 2249 356 2284; x_wconf 79' lang='lat' dir='ltr'>cf.</span> <span class='ocrx_word' id='word_1_297' title='bbox 380 2251 480 2286; x_wconf 83' lang='lat' dir='ltr'>Rom.</span> <span class='ocrx_word' id='word_1_298' title='bbox 504 2251 537 2290; x_wconf 88' lang='lat'>8,</span> <span class='ocrx_word' id='word_1_299' title='bbox 556 2249 610 2284; x_wconf 82' lang='lat'>29.</span> <span class='ocrx_word' id='word_1_300' title='bbox 629 2249 674 2284; x_wconf 88' lang='grc'>30</span> <span class='ocrx_word' id='word_1_301' title='bbox 766 2250 806 2285; x_wconf 92' lang='grc'>21</span> <span class='ocrx_word' id='word_1_302' title='bbox 827 2248 872 2284; x_wconf 84' lang='lat' dir='ltr'>cf.</span> <span class='ocrx_word' id='word_1_303' title='bbox 897 2248 912 2282; x_wconf 96' lang='lat' dir='ltr'>I</span> <span class='ocrx_word' id='word_1_304' title='bbox 933 2248 1008 2283; x_wconf 86' lang='lat' dir='ltr'>Cor.</span> <span class='ocrx_word' id='word_1_305' title='bbox 1031 2249 1061 2289; x_wconf 95' lang='lat'>1,</span> <span class='ocrx_word' id='word_1_306' title='bbox 1083 2248 1122 2282; x_wconf 85' lang='lat'>17</span> <span class='ocrx_word' id='word_1_307' title='bbox 1217 2248 1262 2282; x_wconf 86' lang='lat'>22</span> <span class='ocrx_word' id='word_1_308' title='bbox 1285 2246 1355 2282; x_wconf 86' lang='lat' dir='ltr'>Iac.</span> <span class='ocrx_word' id='word_1_309' title='bbox 1374 2246 1406 2288; x_wconf 92' lang='lat'>3,</span> <span class='ocrx_word' id='word_1_310' title='bbox 1427 2246 1468 2281; x_wconf 81' lang='lat'>15</span> 
     </span>
    </p>
   </div>
   <div class='ocr_carea' id='block_1_4' title="bbox 242 2336 1818 2570">
    <p class='ocr_par' dir='ltr' id='par_1_7' title="bbox 242 2336 1818 2570">
     <span class='ocr_line' id='line_1_31' title="bbox 338 2336 1817 2391; baseline -0.007 -10"><span class='ocrx_word' id='word_1_311' title='bbox 338 2348 353 2381; x_wconf 92' lang='lat'>1</span> <span class='ocrx_word' id='word_1_312' title='bbox 371 2356 440 2380; x_wconf 90' lang='lat' dir='ltr'>non</span> <span class='ocrx_word' id='word_1_313' title='bbox 455 2348 601 2391; x_wconf 84' lang='lat' dir='ltr'>possent</span> <span class='ocrx_word' id='word_1_314' title='bbox 614 2344 734 2379; x_wconf 85' lang='lat' dir='ltr'>audire</span> <span class='ocrx_word' id='word_1_315' title='bbox 747 2344 778 2379; x_wconf 82' lang='lat' dir='ltr'><em>V</em></span> <span class='ocrx_word' id='word_1_316' title='bbox 862 2344 883 2378; x_wconf 90' lang='lat'>5</span> <span class='ocrx_word' id='word_1_317' title='bbox 895 2355 932 2378; x_wconf 89' lang='lat' dir='ltr'>se</span> <span class='ocrx_word' id='word_1_318' title='bbox 946 2344 999 2378; x_wconf 73' lang='grc' dir='ltr'>ελ.</span> <span class='ocrx_word' id='word_1_319' title='bbox 1013 2343 1102 2378; x_wconf 80' lang='lat' dir='ltr'>Vm2</span> <span class='ocrx_word' id='word_1_320' title='bbox 1117 2347 1232 2379; x_wconf 80' lang='lat' dir='ltr'>semet</span> <span class='ocrx_word' id='word_1_321' title='bbox 1241 2342 1259 2376; x_wconf 88' lang='lat' dir='ltr'>b</span> <span class='ocrx_word' id='word_1_322' title='bbox 1342 2341 1364 2375; x_wconf 89' lang='grc'>6</span> <span class='ocrx_word' id='word_1_323' title='bbox 1379 2342 1505 2386; x_wconf 75' lang='lat' dir='ltr'>aegent</span> <span class='ocrx_word' id='word_1_324' title='bbox 1514 2339 1542 2374; x_wconf 94' lang='lat' dir='ltr'><em>L</em></span> <span class='ocrx_word' id='word_1_325' title='bbox 1627 2336 1776 2384; x_wconf 77' lang='lat' dir='ltr'>gloriam</span> <span class='ocrx_word' id='word_1_326' title='bbox 1786 2336 1817 2371; x_wconf 87' lang='lat' dir='ltr'><em>R</em></span> 
     </span>
     <span class='ocr_line' id='line_1_32' title="bbox 242 2395 1818 2451; baseline -0.005 -12"><span class='ocrx_word' id='word_1_327' title='bbox 242 2403 389 2451; x_wconf 87' lang='lat' dir='ltr'>gloriam</span> <span class='ocrx_word' id='word_1_328' title='bbox 403 2406 456 2448; x_wconf 93' lang='lat' dir='ltr'>(m</span> <span class='ocrx_word' id='word_1_329' title='bbox 470 2406 583 2447; x_wconf 61' lang='lat' dir='ltr'>sxras)</span> <span class='ocrx_word' id='word_1_330' title='bbox 593 2404 621 2439; x_wconf 79' lang='lat' dir='ltr'><strong><em>C</em></strong></span> <span class='ocrx_word' id='word_1_331' title='bbox 705 2406 726 2440; x_wconf 88' lang='lat'>8</span> <span class='ocrx_word' id='word_1_332' title='bbox 742 2403 1065 2439; x_wconf 79' lang='lat' dir='ltr'>non—redderetur</span> <span class='ocrx_word' id='word_1_333' title='bbox 1077 2403 1116 2438; x_wconf 82' lang='lat' dir='ltr'>in</span> <span class='ocrx_word' id='word_1_334' title='bbox 1128 2401 1283 2448; x_wconf 75' lang='lat' dir='ltr'>mqul</span> <span class='ocrx_word' id='word_1_335' title='bbox 1359 2401 1403 2436; x_wconf 91' lang='lat'>10</span> <span class='ocrx_word' id='word_1_336' title='bbox 1416 2398 1551 2435; x_wconf 62' lang='lat' dir='ltr'>euim-R</span> <span class='ocrx_word' id='word_1_337' title='bbox 1629 2400 1646 2433; x_wconf 90' lang='lat'>1</span> <span class='ocrx_word' id='word_1_338' title='bbox 1655 2399 1672 2433; x_wconf 94' lang='lat'>1</span> <span class='ocrx_word' id='word_1_339' title='bbox 1685 2395 1818 2432; x_wconf 84' lang='lat' dir='ltr'>miseri-</span> 
     </span>
     <span class='ocr_line' id='line_1_33' title="bbox 243 2455 1813 2508; baseline -0.006 -8"><span class='ocrx_word' id='word_1_340' title='bbox 243 2464 363 2500; x_wconf 79' lang='lat' dir='ltr'>cordia</span> <span class='ocrx_word' id='word_1_341' title='bbox 373 2464 440 2499; x_wconf 90' lang='lat' dir='ltr'>VE</span> <span class='ocrx_word' id='word_1_342' title='bbox 502 2466 543 2500; x_wconf 88' lang='grc'>12</span> <span class='ocrx_word' id='word_1_343' title='bbox 557 2468 592 2499; x_wconf 86' lang='lat' dir='ltr'>et</span> <span class='ocrx_word' id='word_1_344' title='bbox 608 2475 671 2499; x_wconf 89' lang='lat' dir='ltr'>om.</span> <span class='ocrx_word' id='word_1_345' title='bbox 684 2464 772 2499; x_wconf 84' lang='lat' dir='ltr'>Vm]</span> <span class='ocrx_word' id='word_1_346' title='bbox 832 2456 1044 2508; x_wconf 61' lang='lat' dir='ltr'>§distinauit</span> <span class='ocrx_word' id='word_1_347' title='bbox 1053 2462 1171 2498; x_wconf 82' lang='lat' dir='ltr'><em>ELm2</em></span> <span class='ocrx_word' id='word_1_348' title='bbox 1231 2462 1273 2497; x_wconf 87' lang='lat'>13</span> <span class='ocrx_word' id='word_1_349' title='bbox 1288 2459 1452 2507; x_wconf 57' lang='lat' dir='ltr'>gloriiuit</span> <span class='ocrx_word' id='word_1_350' title='bbox 1462 2458 1549 2494; x_wconf 86' lang='lat' dir='ltr'><em>le</em></span> <span class='ocrx_word' id='word_1_351' title='bbox 1613 2459 1656 2493; x_wconf 89' lang='grc'>14</span> <span class='ocrx_word' id='word_1_352' title='bbox 1670 2455 1707 2501; x_wconf 71' lang='lat' dir='ltr'>jn</span> <span class='ocrx_word' id='word_1_353' title='bbox 1720 2455 1813 2492; x_wconf 77' lang='lat' dir='ltr'>insa·</span> 
     </span>
     <span class='ocr_line' id='line_1_34' title="bbox 245 2515 1814 2570; baseline -0.006 -11"><span class='ocrx_word' id='word_1_354' title='bbox 245 2524 321 2559; x_wconf 87' lang='lat' dir='ltr'>niat</span> <span class='ocrx_word' id='word_1_355' title='bbox 332 2525 361 2560; x_wconf 92' lang='lat' dir='ltr'><em>L</em></span> <span class='ocrx_word' id='word_1_356' title='bbox 435 2523 501 2567; x_wconf 71' lang='lat' dir='ltr'>deo</span> <span class='ocrx_word' id='word_1_357' title='bbox 512 2523 646 2570; x_wconf 85' lang='lat' dir='ltr'>gratias</span> <span class='ocrx_word' id='word_1_358' title='bbox 658 2523 689 2558; x_wconf 93' lang='lat' dir='ltr'><em>V</em></span> <span class='ocrx_word' id='word_1_359' title='bbox 780 2523 822 2558; x_wconf 89' lang='lat'>15</span> <span class='ocrx_word' id='word_1_360' title='bbox 836 2522 1022 2558; x_wconf 79' lang='lat' dir='ltr'>liberanti*</span> <span class='ocrx_word' id='word_1_361' title='bbox 1031 2522 1061 2556; x_wconf 91' lang='lat' dir='ltr'><em>P</em></span> <span class='ocrx_word' id='word_1_362' title='bbox 1134 2523 1278 2567; x_wconf 81' lang='lat' dir='ltr'>possent</span> <span class='ocrx_word' id='word_1_363' title='bbox 1293 2520 1331 2565; x_wconf 91' lang='lat' dir='ltr'>(n</span> <span class='ocrx_word' id='word_1_364' title='bbox 1346 2518 1473 2561; x_wconf 80' lang='lat' dir='ltr'>s.l.m2)</span> <span class='ocrx_word' id='word_1_365' title='bbox 1482 2518 1510 2553; x_wconf 83' lang='lat'><em>0</em></span> <span class='ocrx_word' id='word_1_366' title='bbox 1594 2515 1771 2552; x_wconf 81' lang='lat' dir='ltr'>uniuersis</span> <span class='ocrx_word' id='word_1_367' title='bbox 1781 2515 1814 2550; x_wconf 87' lang='grc' dir='ltr'><em>Ε</em></span> 
     </span>
    </p>
   </div>
   <div class='ocr_carea' id='block_1_5' title="bbox 243 2574 1813 2748">
    <p class='ocr_par' dir='ltr' id='par_1_8' title="bbox 243 2574 1813 2748">
     <span class='ocr_line' id='line_1_35' title="bbox 248 2574 1812 2629; baseline -0.007 -9"><span class='ocrx_word' id='word_1_368' title='bbox 248 2586 289 2620; x_wconf 82' lang='lat'>17</span> <span class='ocrx_word' id='word_1_369' title='bbox 314 2583 445 2629; x_wconf 87' lang='lat' dir='ltr'>scriptu</span> <span class='ocrx_word' id='word_1_370' title='bbox 452 2594 527 2619; x_wconf 84' lang='lat' dir='ltr'>ram</span> <span class='ocrx_word' id='word_1_371' title='bbox 541 2583 559 2618; x_wconf 87' lang='lat' dir='ltr'>b</span> <span class='ocrx_word' id='word_1_372' title='bbox 665 2583 707 2619; x_wconf 88' lang='grc'>19</span> <span class='ocrx_word' id='word_1_373' title='bbox 731 2583 996 2628; x_wconf 82' lang='lat' dir='ltr'>humanamque</span> <span class='ocrx_word' id='word_1_374' title='bbox 1017 2583 1097 2626; x_wconf 89' lang='lat' dir='ltr'>(om.</span> <span class='ocrx_word' id='word_1_375' title='bbox 1122 2582 1252 2626; x_wconf 89' lang='lat' dir='ltr'>neque)</span> <span class='ocrx_word' id='word_1_376' title='bbox 1265 2580 1296 2615; x_wconf 92' lang='grc' dir='ltr'><em>Β</em></span> <span class='ocrx_word' id='word_1_377' title='bbox 1393 2577 1529 2614; x_wconf 71' lang='lat' dir='ltr'>medico</span> <span class='ocrx_word' id='word_1_378' title='bbox 1549 2577 1587 2613; x_wconf 89' lang='lat' dir='ltr'>in</span> <span class='ocrx_word' id='word_1_379' title='bbox 1608 2574 1766 2622; x_wconf 84' lang='lat' dir='ltr'>paruulis</span> <span class='ocrx_word' id='word_1_380' title='bbox 1779 2574 1812 2609; x_wconf 83' lang='lat' dir='ltr'><strong><em>V</em></strong></span> 
     </span>
     <span class='ocr_line' id='line_1_36' title="bbox 245 2636 1813 2688; baseline -0.006 -9"><span class='ocrx_word' id='word_1_381' title='bbox 245 2644 291 2679; x_wconf 87' lang='grc'><strong>20</strong></span> <span class='ocrx_word' id='word_1_382' title='bbox 304 2645 349 2678; x_wconf 83' lang='lat' dir='ltr'>ad</span> <span class='ocrx_word' id='word_1_383' title='bbox 366 2644 530 2679; x_wconf 88' lang='lat' dir='ltr'>om.le</span> <span class='ocrx_word' id='word_1_384' title='bbox 636 2643 682 2678; x_wconf 90' lang='grc'>22</span> <span class='ocrx_word' id='word_1_385' title='bbox 696 2652 787 2688; x_wconf 79' lang='lat' dir='ltr'>quae</span> <span class='ocrx_word' id='word_1_386' title='bbox 803 2643 841 2686; x_wconf 84' lang='lat' dir='ltr'>(a</span> <span class='ocrx_word' id='word_1_387' title='bbox 857 2641 927 2686; x_wconf 64' lang='lat' dir='ltr'>al.)</span> <span class='ocrx_word' id='word_1_388' title='bbox 945 2648 1120 2677; x_wconf 76' lang='lat' dir='ltr'>uacuatur</span> <span class='ocrx_word' id='word_1_389' title='bbox 1132 2641 1160 2676; x_wconf 82' lang='lat' dir='ltr'><strong><em>L</em></strong></span> <span class='ocrx_word' id='word_1_390' title='bbox 1266 2643 1441 2675; x_wconf 82' lang='lat' dir='ltr'>uacuatur</span> <span class='ocrx_word' id='word_1_391' title='bbox 1451 2636 1628 2673; x_wconf 85' lang='lat' dir='ltr'>leEml</span> <span class='ocrx_word' id='word_1_392' title='bbox 1725 2645 1813 2670; x_wconf 84' lang='lat' dir='ltr'>crux</span> 
     </span>
     <span class='ocr_line' id='line_1_37' title="bbox 243 2693 1809 2748; baseline -0.006 -10"><span class='ocrx_word' id='word_1_393' title='bbox 243 2715 308 2738; x_wconf 80' lang='lat' dir='ltr'>om.</span> <span class='ocrx_word' id='word_1_394' title='bbox 323 2703 410 2738; x_wconf 88' lang='lat' dir='ltr'><em>le</em></span> <span class='ocrx_word' id='word_1_395' title='bbox 522 2702 606 2748; x_wconf 82' lang='lat' dir='ltr'>ista]</span> <span class='ocrx_word' id='word_1_396' title='bbox 619 2701 695 2748; x_wconf 83' lang='lat' dir='ltr'>ipsa</span> <span class='ocrx_word' id='word_1_397' title='bbox 706 2702 738 2737; x_wconf 90' lang='lat' dir='ltr'><em>V</em></span> <span class='ocrx_word' id='word_1_398' title='bbox 847 2701 1033 2736; x_wconf 86' lang='lat' dir='ltr'>desursum</span> <span class='ocrx_word' id='word_1_399' title='bbox 1049 2699 1226 2746; x_wconf 73' lang='lat' dir='ltr'>sapientia</span> <span class='ocrx_word' id='word_1_400' title='bbox 1233 2699 1276 2734; x_wconf 84' lang='lat' dir='ltr'>bd</span> <span class='ocrx_word' id='word_1_401' title='bbox 1407 2698 1452 2733; x_wconf 82' lang='lat'>23</span> <span class='ocrx_word' id='word_1_402' title='bbox 1465 2696 1547 2732; x_wconf 91' lang='lat' dir='ltr'>nolo</span> <span class='ocrx_word' id='word_1_403' title='bbox 1561 2704 1606 2730; x_wconf 74' lang='lat' dir='ltr'>ex</span> <span class='ocrx_word' id='word_1_404' title='bbox 1615 2694 1714 2730; x_wconf 84' lang='lat' dir='ltr'>nullo</span> <span class='ocrx_word' id='word_1_405' title='bbox 1726 2693 1809 2729; x_wconf 85' lang='lat' dir='ltr'><em>le</em></span> 
     </span>
    </p>
   </div>
   <div class='ocr_carea' id='block_1_6' title="bbox 242 2754 1812 2858">
    <p class='ocr_par' dir='ltr' id='par_1_9' title="bbox 242 2754 1812 2858">
     <span class='ocr_line' id='line_1_38' title="bbox 246 2754 1812 2808; baseline -0.006 -10"><span class='ocrx_word' id='word_1_406' title='bbox 246 2763 291 2798; x_wconf 88' lang='grc'><strong>24</strong></span> <span class='ocrx_word' id='word_1_407' title='bbox 305 2773 456 2808; x_wconf 89' lang='lat' dir='ltr'>quorum</span> <span class='ocrx_word' id='word_1_408' title='bbox 468 2774 532 2798; x_wconf 75' lang='lat' dir='ltr'>om.</span> <span class='ocrx_word' id='word_1_409' title='bbox 543 2762 631 2797; x_wconf 81' lang='lat' dir='ltr'>&#39;le</span> <span class='ocrx_word' id='word_1_410' title='bbox 687 2760 786 2807; x_wconf 64' lang='lat' dir='ltr'>fort]</span> <span class='ocrx_word' id='word_1_411' title='bbox 801 2759 996 2797; x_wconf 81' lang='lat' dir='ltr'>certissima</span> <span class='ocrx_word' id='word_1_412' title='bbox 1009 2759 1040 2794; x_wconf 93' lang='lat' dir='ltr'>B</span> <span class='ocrx_word' id='word_1_413' title='bbox 1098 2760 1142 2795; x_wconf 84' lang='lat'>25</span> <span class='ocrx_word' id='word_1_414' title='bbox 1157 2757 1399 2795; x_wconf 82' lang='lat' dir='ltr'>existimemur</span> <span class='ocrx_word' id='word_1_415' title='bbox 1408 2758 1478 2802; x_wconf 79' lang='lat' dir='ltr'>(pr.</span> <span class='ocrx_word' id='word_1_416' title='bbox 1496 2755 1509 2791; x_wconf 94' lang='lat' dir='ltr'>i</span> <span class='ocrx_word' id='word_1_417' title='bbox 1522 2765 1564 2791; x_wconf 72' lang='grc' dir='ltr'>ει</span> <span class='ocrx_word' id='word_1_418' title='bbox 1577 2754 1612 2801; x_wconf 88' lang='lat' dir='ltr'>e)</span> <span class='ocrx_word' id='word_1_419' title='bbox 1621 2754 1654 2790; x_wconf 92' lang='lat' dir='ltr'><em>D</em></span> <span class='ocrx_word' id='word_1_420' title='bbox 1711 2754 1754 2789; x_wconf 84' lang='lat'>27</span> <span class='ocrx_word' id='word_1_421' title='bbox 1767 2754 1812 2789; x_wconf 90' lang='lat' dir='ltr'>de</span> 
     </span>
     <span class='ocr_line' id='line_1_39' title="bbox 242 2820 902 2858; baseline -0.002 -1"><span class='ocrx_word' id='word_1_422' title='bbox 242 2824 371 2858; x_wconf 79' lang='lat' dir='ltr'>natura</span> <span class='ocrx_word' id='word_1_423' title='bbox 386 2822 562 2858; x_wconf 80' lang='lat' dir='ltr'>humanae</span> <span class='ocrx_word' id='word_1_424' title='bbox 577 2820 798 2858; x_wconf 79' lang='lat' dir='ltr'>infirmitatis</span> <span class='ocrx_word' id='word_1_425' title='bbox 808 2821 902 2857; x_wconf 68' lang='lat' dir='ltr'>Oros.</span> 
     </span>
    </p>
   </div>
   <div class='ocr_carea' id='block_1_7' title="bbox 1846 941 1885 970">
    <p class='ocr_par' dir='ltr' id='par_1_10' title="bbox 1846 941 1885 970">
     <span class='ocr_line' id='line_1_40' title="bbox 1846 941 1885 970; baseline 0.026 -1"><span class='ocrx_word' id='word_1_426' title='bbox 1846 941 1885 970; x_wconf 78' lang='lat' dir='ltr'>lo</span> 
     </span>
    </p>
   </div>
   <div class='ocr_carea' id='block_1_8' title="bbox 1849 1268 1885 1297">
    <p class='ocr_par' dir='ltr' id='par_1_11' title="bbox 1849 1268 1885 1297">
     <span class='ocr_line' id='line_1_41' title="bbox 1849 1268 1885 1297; baseline 0.028 -1"><span class='ocrx_word' id='word_1_427' title='bbox 1849 1268 1885 1297; x_wconf 72' lang='lat'>15</span> 
     </span>
    </p>
   </div>
   <div class='ocr_carea' id='block_1_9' title="bbox 1844 1595 1887 1625">
    <p class='ocr_par' dir='ltr' id='par_1_12' title="bbox 1844 1595 1887 1625">
     <span class='ocr_line' id='line_1_42' title="bbox 1844 1595 1887 1625; baseline -0.047 0"><span class='ocrx_word' id='word_1_428' title='bbox 1844 1595 1887 1625; x_wconf 80' lang='lat'>20</span> 
     </span>
    </p>
   </div>
   <div class='ocr_carea' id='block_1_10' title="bbox 1844 1922 1884 1950">
    <p class='ocr_par' dir='ltr' id='par_1_13' title="bbox 1844 1922 1884 1950">
     <span class='ocr_line' id='line_1_43' title="bbox 1844 1922 1884 1950; baseline 0 0"><span class='ocrx_word' id='word_1_429' title='bbox 1844 1922 1884 1950; x_wconf 79' lang='lat'>25</span> 
     </span>
    </p>
   </div>
   <div class='ocr_carea' id='block_1_11' title="bbox 1973 0 2028 3204">
    <p class='ocr_par' dir='ltr' id='par_1_14' title="bbox 1973 0 2028 3204">
     <span class='ocr_line' id='line_1_44' title="bbox 1973 0 2028 3204; baseline 0 0"><span class='ocrx_word' id='word_1_430' title='bbox 1973 0 2028 3204; x_wconf 95' lang='lat' dir='ltr'> </span> 
     </span>
    </p>
   </div>
  </div>
 </body>
</html>
