2028 3204
700 192 786 229 liber
818 192 868 228 1v
908 194 958 235 14,
992 192 1133 236 ‘zo-15,
1169 193 1208 228 21
1666 182 1748 226 401

170 320 344 365 intimus
368 319 429 363 ita
453 325 517 363 est
541 332 614 375 per
636 318 800 362 animae
825 317 966 362 omnia
989 318 1178 361 membra
1201 318 1380 361 diffusus
1405 323 1454 361 ut
1478 317 1547 360 illa
1572 332 1645 374 per
1667 331 1755 361 cor-

170 387 295 444 poris,
325 386 409 429 iam
437 385 567 429 etiam
596 384 683 441 ipse
713 398 786 441 per
813 383 997 428 animam
1028 384 1138 440 cepit
1167 384 1390 441 imaginem
1421 384 1615 440 corporis,
1646 383 1755 427 sicut

171 453 241 497 illa
259 465 355 497 eum
373 453 508 496 forma
528 450 740 496 formauit.
774 464 824 494 ac
843 463 916 506 per
932 451 1011 494 hoc
1031 463 1114 492 non
1132 450 1261 493 habet
1281 451 1351 494 ubi
1371 450 1511 506 capiat
1531 450 1754 506 imaginem

170 518 238 563 dei
259 524 455 562 manente
480 518 523 561 in
545 533 586 562 se
610 518 692 561 ista
715 516 893 573 imagine
917 516 1112 572 corporis,
1153 516 1231 559 nisi
1255 517 1611 573 quemadmodum
1636 529 1756 559 num-

125 597 143 627 ε
171 598 278 636 mus,
302 589 352 628 ut
374 584 475 635 dixi,
499 584 621 627 aliter
642 597 695 626 ex
717 583 921 634 inferiore,
946 583 1068 627 aliter
1089 596 1142 625 ex
1164 588 1282 639 parte.
1305 583 1514 639 superiore
1539 582 1753 626 formetur.

171 651 224 694 ad
249 650 332 694 ista
356 655 397 693 te
422 650 604 693 absurda
630 650 798 706 quando
822 650 873 692 de
898 650 1037 693 anima
1063 650 1220 705 cogitas
1245 650 1420 692 carnalis
1446 648 1644 703 cogitatio
1669 662 1757 691 cor·

171 729 320 773 porum
351 716 452 760 uelis
484 716 640 759 nolisuc
670 715 880 771 conpellit.
927 717 997 759 sed
1028 716 1143 766 deus,
1177 720 1223 758 ut
1253 715 1381 758 etiam
1413 716 1498 771 ipse
1530 714 1756 758 rectissime

172 782 397 832 confiteris,
433 795 516 825 non
550 787 614 825 est
648 794 817 838 corpus;
853 783 1062 838 quomodo
1090 781 1217 837 igitur
1249 781 1389 837 capiat
1423 781 1510 824 eius
1533 780 1756 836 imaginem

172 848 353 906 corpus?
399 846 568 891 obsecro
599 853 654 899 te,
688 848 828 899 frater,
860 853 908 891 ut
938 861 1023 891 non
1052 847 1319 891 conformeris
1350 847 1446 891 huic
1476 848 1653 897 saeculo,
1685 848 1755 890 sed

105 926 146 956 ιο
173 914 406 958 reformeris
438 914 479 956 in
510 914 700 957 nouitate
731 913 883 956 mentis
915 919 1012 958 tuae
1043 927 1118 957 nec
1148 913 1285 969 sapias
1316 914 1545 957 secundum
1577 926 1757 965 carnem,

175 981 372 1038 quoniam
402 994 513 1023 mors
542 986 618 1023 est.

282 1054 372 1097 XV.
397 1056 460 1097 21.
495 1057 586 1109 Sed,
609 1054 761 1110 inquis,
785 1054 823 1097 si
843 1055 985 1097 anima
1005 1058 1109 1096 earet
1131 1066 1304 1107 corpore,
1327 1053 1423 1107 quid
1445 1058 1501 1095 est
1521 1052 1624 1106 quod
1645 1051 1757 1107 apud

175 1120 325 1174 inferos
347 1119 462 1162 diues
486 1119 553 1161 ille
576 1119 801 1174 coquoscit?
836 1124 945 1172 certe,
968 1123 1120 1178 inquis,
1143 1123 1310 1162 nouerat
1332 1124 1418 1165 iam
1442 1120 1650 1169 Lazarum,
1678 1131 1761 1161 mm,

172 1190 338 1229 nouerat
372 1185 590 1228 Abraham.
646 1185 750 1228 unde
786 1185 850 1227 illi
886 1190 992 1228 tanto
1027 1189 1118 1228 ante
1153 1188 1325 1239 tempore
1358 1184 1537 1237 defuncti
1570 1183 1757 1226 Abrahae

108 1266 148 1296 15
178 1252 364 1306 ‘prouenit
385 1251 569 1305 aquilio?
607 1251 710 1294 haec
732 1252 871 1294 dicens
896 1252 929 1293 si
952 1252 1208 1305 agnitionem
1230 1250 1410 1294 hominis
1433 1251 1651 1306 prouenire
1675 1263 1757 1292 non

173 1323 299 1373 putas
324 1317 411 1359 sine
434 1318 615 1372 corporis
639 1316 787 1368 forma,
811 1322 861 1359 ut
884 1318 1048 1359 noueris
1073 1322 1114 1358 te.
1139 1317 1289 1372 ipsum,
1314 1317 1436 1359 credo
1459 1316 1568 1371 quod
1594 1315 1760 1358 assidue

174 1382 389 1438 speculum
408 1383 615 1434 adtendis,
633 1396 698 1433 ne,
727 1383 761 1424 si
786 1381 912 1426 fueris
938 1381 1093 1424 oblitus
1119 1381 1266 1425 faciem
1291 1386 1423 1433 tuam,
1452 1395 1532 1424 non
1560 1386 1602 1424 te
1628 1381 1759 1436 possis

178 1461 414 1503 agnoscere.
463 1461 562 1503 rogo
595 1453 650 1499 te,
684 1462 809 1504 quem
840 1449 971 1503 magis
1003 1448 1214 1490 hominem
1248 1448 1367 1490 nouit
1397 1449 1523 1490 homo
1556 1460 1682 1502 quam
1716 1459 1759 1488 se

177 1514 314 1569 ipsum
334 1519 378 1556 et
395 1514 512 1556 cuius
532 1514 669 1556 minus
687 1519 830 1569 potest
847 1513 996 1556 faciem
1015 1514 1156 1556 uidero
1175 1527 1301 1569 quam
1318 1513 1468 1555 suam?
1504 1513 1595 1568 quis
1615 1517 1759 1554 autem

107 1594 150 1624 ιο
178 1584 320 1635 potest
351 1592 597 1633 cognoscere
628 1580 767 1630 deum,
801 1593 926 1634 quem
957 1584 1003 1622 tu
1037 1593 1202 1634 quoque
1234 1579 1522 1635 incorporeum
1556 1591 1643 1620 esse
1677 1591 1757 1620 non

174 1645 358 1697 dubitas,
378 1645 412 1687 si
431 1650 597 1700 praeter
615 1646 797 1700 corporis
816 1645 1008 1697 formam,
1029 1646 1137 1687 sicut
1152 1650 1293 1700 putas⁹
1314 1659 1396 1687 non
1414 1648 1560 1699 potest
1578 1643 1759 1698 cognitio

174 1711 405 1766 prouenire‚
442 1711 482 1753 id
517 1715 582 1753 est
616 1711 649 1753 si
683 1724 856 1766 corpora
889 1716 1066 1766 possunt
1098 1710 1186 1753 sola
1218 1709 1440 1765 cognosci?
1491 1710 1583 1765 quis
1617 1714 1760 1751 autem

175 1775 436 1819 Christianus
457 1777 507 1818 de
529 1780 618 1818 tarn
640 1777 801 1832 magnis
822 1775 1163 1832 difficillimisque
1185 1775 1309 1819 rebus
1330 1776 1550 1831 disputans
1571 1775 1760 1817 animum

175 1841 218 1884 in
246 1841 376 1884 uerba
397 1841 542 1885 diuina
569 1847 659 1885 tam
686 1841 948 1897 neglegenter
977 1841 1184 1892 intendat,
1212 1846 1261 1884 ut
1287 1842 1419 1884 dicat:
1454 1841 1500 1882 ‘si
1518 1841 1761 1895 incorporea

111 1921 152 1951 25
181 1912 246 1950 est
269 1907 424 1959 anima,
443 1921 608 1951 necesse
634 1912 698 1950 cst
722 1913 863 1950 careat
888 1907 1067 1950 forma‘?
1094 1906 1249 1949 oblitus
1276 1920 1317 1949 es
1344 1911 1384 1948 te
1410 1906 1588 1947 formam
1614 1905 1759 1960 legisse

281 2064 301 2098 9
327 2063 370 2100 ci.
400 2064 503 2099 Rom.
532 2064 582 2106 12,
611 2063 631 2097 2
759 2066 800 2099 10
826 2064 867 2098 cf.
900 2064 1000 2098 Rom.
1029 2067 1058 2105 Η,
1089 2066 1109 2097 6
1237 2064 1277 2097 12
1306 2063 1402 2099 vine.
1434 2062 1552 2097 Victor
1653 2063 1692 2096 13
1718 2062 1760 2096 cf.

182 2123 265 2159 Luc.
295 2123 345 2166 16,
375 2123 503 2158 19—31
608 2123 650 2159 25
668 2122 711 2159 ef.
733 2123 832 2159 Rom.
851 2124 884 2166 6,
904 2125 943 2158 17

281 2213 301 2248 2
318 2212 498 2249 animaeo
537 2212 654 2258 coepit
667 2211 698 2246 B
714 2212 831 2258 coepit
842 2212 877 2248 H
915 2213 937 2247 3
955 2212 1029 2248 eius
1040 2212 1071 2247 Ε
1086 2223 1166 2248 cum
1178 2212 1212 2247 Il
1267 2214 1287 2247 4
1304 2210 1375 2259 dei]
1392 2211 1453 2247 det
1464 2212 1496 2247 A
1532 2211 1724 2258 imaginem
1736 2210 1765 2246 0

179 2275 291 2308 numa
305 2273 335 2309 T
414 2273 436 2308 5
452 2273 510 2309 ale.
529 2272 618 2308 alter
629 2273 657 2308 Ο
737 2275 757 2309 7
775 2271 847 2308 noli
861 2271 866 2319 Ι
879 2282 961 2308 suae
973 2272 1002 2308 0
1015 2272 1106 2308 nolis
1117 2272 1148 2307 E
1230 2271 1410 2317 compellis
1425 2270 1456 2305 B
1546 2272 1567 2306 8
1584 2271 1682 2317 capit
1695 2270 1765 2305 ΑΗ

180 2333 201 2367 9
218 2343 343 2378 corpus
360 2333 457 2370 omo
502 2336 544 2368 ut
560 2344 581 2368 τ
602 2344 672 2368 non
689 2332 767 2378 (sic)
778 2333 807 2367 C
861 2324 1092 2368 conformaris
1106 2333 1136 2368 T
1189 2330 1517 2368 huic—reformeris
1533 2331 1571 2366 in
1588 2342 1652 2377 my.
1670 2330 1765 2365 m2H

183 2393 223 2429 10
239 2392 354 2437 sapies
365 2393 394 2429 Ο
462 2403 603 2429 earnem
619 2393 674 2438 (in
689 2404 754 2439 my.
773 2392 816 2428 al.
834 2392 846 2428 l
862 2392 1058 2438 hominem)
1069 2391 1087 2426 b
1160 2392 1200 2427 12
1217 2391 1346 2438 aputo
1411 2392 1453 2427 13
1469 2391 1626 2437 inquitC
1692 2390 1763 2424 iam

181 2450 405 2490 omABGHI
410 2452 461 2488 Tb
505 2452 701 2489 eleazarum
713 2453 837 2488 ADml
890 2463 962 2488 non
977 2451 1077 2488 οντα]
1126 2453 1170 2487 14
1185 2451 1381 2488 habraham
1393 2451 1412 2486 Ι
1429 2451 1566 2486 hebrai
1580 2451 1609 2485 T
1665 2449 1720 2484 ille
1735 2448 1764 2484 Ο

182 2513 266 2547 ante
283 2512 383 2548 om.E
426 2511 584 2548 habrahe
596 2512 617 2547 1
675 2513 716 2548 15
733 2511 898 2558 peruenit
911 2511 943 2546 Β
995 2510 1199 2548 nominisH
1252 2522 1324 2547 non
1341 2514 1446 2557 putas
1463 2510 1647 2556 prouenire
1659 2508 1707 2544 CI
1716 2508 1765 2543 Tb

182 2571 364 2618 peruenire
378 2570 410 2605 Β
463 2572 506 2608 16
523 2575 626 2618 putes
639 2570 670 2605 Β
737 2574 776 2608 17
788 2571 996 2608 atoendasE
1056 2571 1188 2608 oblitus
1204 2571 1257 2607 bis
1271 2582 1351 2617 pon.
1365 2572 1399 2607 A
1454 2570 1546 2615 possi
1558 2570 1591 2604 Α
1608 2568 1721 2614 possit
1734 2566 1765 2601 Β

183 2629 297 2678 poscis
309 2631 345 2668 Η
364 2631 396 2677 (s
414 2641 440 2667 ε.
458 2635 492 2678 9)
563 2631 605 2668 18
626 2632 737 2679 quse
806 2631 992 2668 hominum
1005 2630 1118 2668 BITd
1189 2631 1231 2666 19
1249 2631 1348 2667 cuius
1365 2629 1491 2666 faciem
1510 2632 1628 2675 potest
1645 2627 1763 2663 uidere

183 2690 301 2728 minus
320 2691 340 2727 b
429 2694 548 2738 potest
571 2691 691 2728 minus
710 2692 779 2728 ΕΗ
889 2691 1017 2728 taciem
1042 2694 1162 2738 potest
1182 2689 1264 2727 BGI
1271 2691 1301 2726 T
1394 2693 1494 2735 potes
1517 2690 1549 2723 A
1639 2687 1714 2722 uire
1736 2686 1765 2721 0

183 2751 225 2787 21
243 2761 370 2798 eorpus
381 2750 412 2787 Ο
471 2751 515 2788 22
530 2750 714 2798 peruenire
725 2752 754 2788 C
818 2751 892 2787 sola
907 2750 1087 2798 possintE
1147 2749 1241 2798 quis]
1258 2749 1384 2797 quauis
1395 2749 1424 2784 0
1486 2748 1529 2783 23
1546 2747 1659 2794 magis
1671 2746 1762 2782 Hm1

185 2809 462 2858 difficilimisqui
472 2812 506 2847 Α
563 2811 607 2847 24
617 2811 801 2859 neglegent
812 2811 840 2847 C
919 2811 962 2847 25
978 2810 1030 2859 es]
1045 2815 1099 2847 est
1110 2810 1145 2846 H
1214 2814 1248 2845 te
1265 2809 1369 2844 om.H
1440 2807 1524 2854 legis
1540 2817 1576 2842 se
1588 2806 1625 2842 Η

260 2879 325 2912 LX.-
345 2879 469 2915 Amut.
486 2879 561 2910 VIII
580 2889 646 2916 pm
664 2881 688 2911 1.
707 2881 786 2910 Vrbn
805 2884 836 2911 ot
853 2881 960 2916 zyehu
1649 2878 1693 2912 26
