2028 3204
0 76 5 89 '¹'
0 0 14 41 VV

57 1021 95 1050 10

56 1349 92 1379 15

51 1698 93 1727 ‘2⁰

709 282 786 318 cap.
821 273 876 314 10,
909 273 1054 314 11-14,
1088 272 1132 308 15
1630 263 1703 303 241

126 399 352 454 scripturas
391 399 534 455 utique
572 412 653 441 non
689 398 912 441 aduertens
950 397 1046 439 noui
1085 397 1340 441 testamenti.
1381 397 1450 439 ubi
1486 397 1706 440 didicimus

127 466 231 507 han(-
266 479 351 507 esse
386 465 660 507 intentionem
696 463 793 520 legis
828 463 1051 518 arguentis,
1089 469 1135 505 ut
1171 469 1340 519 propter
1376 464 1443 506 illa
1478 477 1584 519 quae
1620 478 1710 519 per-

126 544 265 586 peram
297 531 405 573 fiunt
435 530 700 586 confugiatur
726 530 780 572 ad
809 530 989 585 gratiam
1017 529 1176 571 domiui
1205 529 1440 572 miserantis
1472 531 1583 572 uelut
1616 544 1710 585 pao-

125 597 285 652 dagogo
310 597 582 639 concludente
606 596 647 638 in
672 596 816 639 eadem
842 595 937 641 fide„
964 608 1068 650 quae
1095 601 1238 650 postea
1263 596 1447 638 reuelata
1470 601 1546 646 est,
1574 596 1642 638 ubi
1668 601 1709 638 et

124 662 396 705 remittantur
430 677 535 718 quae
567 662 673 704 male
706 661 815 704 fiunt
848 668 890 703 et
923 662 1067 703 eadem
1099 661 1234 715 gratia
1267 662 1439 704 iuuante
1472 676 1552 704 non
1588 661 1707 704 fiant.

125 728 432 783 proficientium
472 734 531 770 est
571 728 680 770 enim
720 728 800 774 uia,
842 727 1033 782 quamuis
1072 727 1175 770 bene
1213 727 1477 782 proficientes
1515 727 1710 770 dicantur

125 794 295 849 perfecti
318 795 510 838 uiatores.
553 794 620 836 illa
641 799 703 835 ost
723 799 865 836 autem
886 807 1049 836 summa.
1071 793 1282 848 perfectio,
1305 792 1369 835 cui
1392 793 1490 835 nihii
1512 794 1708 843 addatur,

124 874 217 902 cum
248 861 287 903 id
321 874 401 916 quo
432 860 618 902 tonditur
649 859 825 914 coeperit
861 859 1072 914 possideri.

232 944 354 986 XIII.
390 946 449 986 14.
488 943 573 986 Iam
604 957 699 986 uero
731 943 830 985 illud
863 944 971 998 quod
1003 943 1060 985 eis
1089 943 1261 985 dicitur:
1295 943 1395 998 ‘ipse
1425 949 1471 993 tu
1500 943 1587 985 siue
1618 957 1710 998 pec-

125 1016 219 1052 eato
243 1009 326 1052 es?‘
349 1024 491 1052 reuera
515 1024 594 1052 non
619 1009 799 1064 pertinet
822 1010 875 1051 ad
899 1023 989 1051 eam
1014 1023 1099 1051 rem
1121 1010 1171 1051 de
1196 1022 1278 1064 qua
1301 1010 1480 1051 uertitur
1503 1009 1704 1065 quaestio.

125 1076 193 1117 sed
220 1077 327 1131 quod
351 1076 451 1117 dicit
477 1075 771 1131 ‘neglegentiae
792 1090 890 1117 suae
915 1076 1052 1130 potius
1075 1075 1272 1130 inputari.
1298 1075 1408 1130 quod
1434 1089 1514 1117 non
1538 1081 1599 1117 est
1621 1076 1708 1117 sine

126 1144 323 1196 peceatoss
358 1142 460 1183 bene
483 1142 649 1196 quidem
673 1141 788 1186 dicit,
818 1142 887 1183 sed
917 1141 1111 1196 dignetur
1138 1142 1233 1183 inde
1262 1147 1301 1183 et
1333 1154 1448 1184 orare
1475 1142 1706 1187 domiuum,

125 1222 172 1249 ue
203 1207 258 1249 illi
289 1208 389 1250 haee
420 1208 562 1262 iniqua
593 1208 848 1262 neglegentia
877 1207 1128 1256 dominetur,
1162 1221 1283 1262 quem
1314 1207 1490 1261 rogabat
1522 1207 1706 1262 quidam,

124 1274 290 1328 quando
345 1274 531 1316 dicebat:
604 1273 613 1314 i
633 1280 649 1315 t
670 1273 678 1314 i
699 1287 723 1314 ιι
743 1288 764 1314 e
783 1287 801 1314 r
817 1289 840 1315 a
912 1287 1032 1315 mea
1101 1274 1127 1314 d
1148 1273 1157 1314 i
1177 1287 1195 1314 ι’
1214 1273 1223 1314 i
1241 1288 1267 1327 g
1285 1287 1304 1314 e
1375 1288 1392 1312 s
1411 1287 1430 1314 e
1449 1287 1469 1314 e
1490 1288 1513 1315 u
1535 1288 1557 1315 n
1577 1274 1602 1315 (l
1623 1288 1646 1315 u
1667 1289 1708 1316 m

125 1339 370 1381 uerbum
426 1347 590 1381 tuum
645 1347 700 1381 et
756 1354 865 1381 non
919 1339 1276 1381 dominetur
1331 1339 1476 1380 mihi
1515 1340 1707 1382 omnis

125 1405 175 1446 in
199 1405 206 1446 i
228 1419 295 1460 qu
316 1405 326 1446 i
347 1412 362 1447 t
380 1420 403 1447 a
422 1421 452 1453 s,
510 1419 572 1453 ne,
624 1405 723 1446 dum
764 1419 861 1447 ¹<uae
901 1405 1136 1460 diligentiae
1179 1404 1293 1459 quasi
1337 1405 1510 1459 propriis
1552 1405 1707 1449 uiribus

126 1471 230 1517 fidit,
258 1485 390 1526 neque
415 1471 478 1512 hi(¹
505 1472 554 1513 ad
584 1485 725 1513 ueram
751 1470 952 1513 iustitiam
979 1484 1112 1525 neque
1139 1471 1230 1517 illie,
1260 1470 1329 1512 ubi
1354 1471 1437 1512 sine
1465 1471 1591 1513 dubio
1619 1486 1707 1526 pei·-

125 1537 232 1579 foeta
260 1537 535 1579 desideranda
566 1542 628 1579 est
657 1543 697 1578 et
727 1537 946 1592 speranda..
978 1537 1205 1591 perueniat.

229 1620 343 1662 XIV.
374 1622 433 1663 15.
464 1621 515 1662 Et
542 1620 641 1663 illud
670 1621 778 1675 quod
805 1635 827 1663 a
855 1621 1105 1675 quibusdam
1129 1620 1185 1662 eis
1210 1621 1362 1663 dicitur
1390 1619 1595 1676 nusquam
1620 1637 1705 1663 esse

121 1686 321 1740 ¹<criptum
346 1686 407 1728 his
433 1686 599 1728 omnino
625 1686 759 1728 uerbis
787 1701 902 1741 posse
927 1701 1013 1728 esse
1034 1687 1243 1728 hominem
1262 1687 1347 1729 sine
1363 1690 1566 1742 peecato‘,
1589 1688 1705 1729 facile

122 1751 283 1796 refellit.
320 1753 414 1806 quia
459 1767 541 1795 non
586 1752 643 1794 ihi
688 1757 743 1795 est
791 1754 981 1807 qmiestio,
1030 1752 1173 1806 quibus
1215 1753 1347 1795 uerbis
1395 1753 1552 1795 (lictatur
1589 1767 1707 1808 qaae-

123 1831 287 1872 cumque
319 1819 528 1861 sementia.
562 1832 643 1860 non
676 1824 814 1860 tamen
842 1818 1016 1860 fortasse
1051 1819 1137 1861 sine
1170 1832 1308 1865 eausa,
1338 1832 1431 1861 cum
1457 1820 1704 1873 aliquotiens

120 1883 160 1925 iu
217 1883 429 1938 seripturis
491 1884 730 1926 inueniatur
783 1884 967 1926 homines
1032 1884 1164 1926 dictos
1225 1900 1311 1925 esse
1374 1885 1459 1927 sine
1510 1886 1703 1939 querella.

123 1963 241 1991 uenio
293 1949 515 1999 inuenitur,
568 1950 635 2004 qui
699 1950 750 1991 sit
806 1950 942 1992 dietus
987 1950 1074 1992 sine
1109 1957 1277 2005 peccato
1319 1950 1393 1992 nisi
1451 1965 1554 1992 unus
1593 1952 1701 1992 solus

51 2027 91 2056 25
120 2015 170 2056 de
205 2028 285 2069 quo
317 2022 459 2070 aperte
491 2015 651 2058 dietum
682 2023 764 2057 est:
796 2030 860 2058 eu
885 2029 922 2056 m
969 2030 994 2070 q
1015 2016 1068 2057 ui
1112 2030 1136 2057 n
1155 2032 1177 2056 o
1197 2031 1221 2058 ιι
1270 2030 1293 2057 ιι
1315 2023 1532 2058 onerat
1584 2031 1607 2071 p
1625 2032 1646 2058 e
1665 2032 1704 2058 c-

216 2183 236 2217 2
255 2182 345 2217 hanc
364 2183 558 2222 esso—247,
577 2183 599 2218 9
618 2183 731 2228 caret]
750 2183 792 2217 cf.
816 2182 929 2218 Ososii
952 2183 1130 2229 Excerpta
1154 2183 1277 2219 13-21
1310 2183 1440 2228 (GSEL
1460 2183 1491 2219 V
1505 2185 1701 2228 (565—672)

124 2243 145 2275 :3
166 2242 208 2276 cf.
233 2242 310 2277 Gal.
330 2243 362 2284 3,
382 2243 437 2278 24.
459 2243 501 2278 23
600 2243 631 2278 9.
655 2245 693 2279 11
718 2242 876 2287 Pelagius
981 2245 1020 2279 14
1047 2244 1100 2279 Ps.
1131 2245 1206 2284 118,
1235 2245 1298 2279 133
1403 2244 1455 2279 19.
1477 2245 1515 2279 21
1543 2244 1699 2289 Pelagius

123 2301 166 2337 23
194 2302 238 2338 cf.
272 2302 334 2338 Iob
362 2304 393 2343 1,
422 2303 452 2338 8.
486 2302 567 2338 Luc.
599 2305 628 2344 1,
656 2304 688 2338 G.
715 2302 801 2338 Phil.
833 2303 866 2344 3,
892 2305 912 2337 6
1008 2304 1051 2338 25
1079 2303 1114 2338 ΙΙ
1141 2303 1217 2339 Cor.
1250 2304 1282 2346 ὃ,
1309 2304 1348 2339 21
1419 2301 1425 2306 “

217 2418 227 2450 1
259 2414 450 2451 didicimus
460 2417 553 2452 Oros.
576 2415 727 2451 dicimus
742 2417 832 2452 codd.
852 2415 1024 2452 discimus
1040 2417 1125 2452 coni.
1146 2417 1227 2453 Ben.
1319 2420 1338 2452 2
1363 2422 1506 2464 propter
1522 2416 1579 2452 ilia
1595 2416 1703 2463 quae]

125 2474 208 2519 quia
226 2474 397 2521 perillam
410 2477 503 2512 Oros.
598 2477 693 2512 illam
705 2476 734 2512 C
834 2478 856 2512 3
873 2477 1055 2523 pedagogo
1066 2477 1129 2512 LD
1137 2477 1265 2512 PRVE
1356 2479 1376 2512 4
1393 2478 1515 2513 eadem
1531 2490 1593 2512 om.
1605 2478 1698 2512 Oros.

122 2535 143 2567 ἴ)
162 2533 398 2571 remittuntur
412 2536 442 2570 B
527 2537 588 2572 alt.
599 2536 694 2572 fiunt
705 2538 798 2572 oros.
892 2537 914 2572 6
923 2536 983 2572 uia
995 2548 1059 2573 om.
1067 2537 1097 2572 V
1201 2539 1219 2573 7
1232 2537 1379 2583 perfecti
1393 2537 1420 2582 (i
1436 2547 1461 2573 s,
1478 2549 1561 2573 eras.
1580 2537 1663 2582 litt.)
1674 2538 1701 2573 L

125 2593 181 2629 inc
195 2594 282 2630 Dm]
338 2588 475 2642 ailitem]
490 2596 584 2631 enim
601 2595 632 2630 B
686 2597 707 2631 8
720 2595 817 2642 quod
828 2596 860 2631 R
913 2597 935 2632 9
948 2596 1014 2632 eid
1069 2598 1112 2633 12
1126 2599 1165 2632 et
1178 2597 1293 2644 orare]
1306 2608 1451 2633 exorare
1467 2599 1507 2644 (x
1524 2598 1562 2632 in
1572 2598 1657 2639 ras.)
1669 2597 1702 2631 V

125 2653 232 2689 deum
243 2654 285 2690 bd
392 2657 434 2691 13
449 2654 560 2702 inqua
571 2656 602 2691 l,
711 2656 818 2702 Qufib
942 2657 985 2692 15
1001 2656 1088 2704 non]
1102 2668 1145 2692 ne
1164 2657 1261 2692 PVE
1268 2658 1361 2693 Oros.
1478 2668 1599 2693 omnffi
1612 2656 1699 2692 le

127 2714 167 2749 17
189 2713 334 2751 iustiam
355 2714 387 2750 E
522 2714 600 2751 sine
623 2715 733 2752 dubio
756 2715 819 2752 ubi
840 2716 913 2753 Va.
935 2728 963 2753 c.
1089 2718 1131 2753 18
1154 2716 1336 2763 perueniet
1358 2717 1423 2752 VE
1546 2716 1586 2752 19
1605 2716 1700 2762 quod

125 2772 174 2808 eis
195 2773 242 2819 (ei
259 2774 295 2819 d)
320 2786 343 2810 a
365 2775 463 2821 quib.
489 2773 557 2811 dic.
579 2775 643 2811 bd-
744 2775 978 2822 a—dicitur]
1001 2776 1114 2823 quida
1133 2775 1351 2823 dicito-(qui
1376 2788 1401 2812 s.
1426 2786 1510 2812 eraS.
1532 2777 1553 2810 2
1574 2776 1656 2819 litt.)
1670 2776 1699 2810 1⁷

125 2833 169 2869 20
192 2833 325 2881 uerbis]
339 2834 395 2870 uel
406 2835 436 2870 L
520 2836 563 2871 21
585 2839 639 2871 est
654 2834 704 2871 ibi
716 2835 892 2872 DRBde
987 2847 1149 2883 quaeque
1161 2837 1181 2872 b
1275 2838 1318 2873 22
1340 2835 1530 2883 aliquoties
1544 2835 1632 2871 Vm]
1640 2836 1703 2871 ΒΕ

125 2893 170 2928 23
183 2903 262 2929 csse
276 2894 431 2930 21.quae
492 2895 650 2941 querella.
665 2894 730 2931 PV
744 2895 950 2942 quaerelae
1010 2897 1051 2933 24
1071 2896 1192 2943 nemo]
1204 2906 1275 2931 non
1286 2897 1329 2931 bd
1413 2895 1530 2931 dictus
1545 2894 1595 2931 sit
1603 2897 1697 2931 Oros.

197 2962 259 2992 LX.
279 2962 403 2998 Ancum.
421 2963 496 2993 VIII
517 2972 584 3000 pm
603 2964 627 2994 1.
649 2964 726 2994 Vrbs
746 2967 776 2994 ot
795 2966 902 3001 zyehn.
1589 2968 1631 3003 16
