2028 3204
264 171 345 212 376
709 182 768 221 IV.
798 181 849 217 De
877 186 1005 219 natura
1034 187 1072 220 et
1101 184 1398 230 origine-animae

251 306 350 361 rige,
375 306 409 348 si
434 306 622 349 animum
646 306 901 350 catholicum
922 306 1043 363 geris,
1070 306 1111 350 id
1135 313 1198 354 est
1223 308 1257 351 si
1281 308 1484 353 ueraciter
1502 310 1766 366 praelocutus
1790 326 1832 355 es

249 372 405 422 dicenS,
433 373 557 427 ‘quod
577 372 656 414 tibi
675 373 760 428 ipsc
779 372 969 417 credulus
990 385 1074 416 non
1096 373 1150 415 sis
1171 388 1219 417 ea
1236 373 1404 429 probari
1426 388 1544 430 posse
1558 389 1663 431 quae
1680 377 1832 421 dixeris

252 442 295 479 et
325 438 438 492 quod
467 451 629 492 semper
658 438 828 481 studeas
858 438 987 481 etiam
1016 439 1227 494 propriam
1255 441 1507 483 sententiam
1535 454 1618 485 non
1646 442 1767 493 tueri,
1797 443 1830 485 si

251 502 522 557 inprobabilis
555 503 791 559 detegatur,
827 509 871 546 et
902 503 958 549 sit
991 503 1069 546 tibi
1103 504 1217 547 cordi
1249 506 1415 561 proprio
1448 504 1649 551 damnato
1683 507 1833 551 iudicio

248 568 421 611 meliora
440 568 573 623 magis
596 574 639 611 et
662 583 767 626 quae
790 574 889 612 sunt
910 570 1073 612 ueriora
1093 571 1271 614 sectari‘.
1294 572 1418 615 modo
1440 572 1586 627 proba,
1607 572 1829 621 carissime,
1857 586 1874 614 5

249 646 332 677 non
356 639 397 676 te
420 634 625 677 fallaciter
648 635 730 678 ista
751 635 917 686 dixisse,
942 641 990 678 ut
1011 637 1062 678 de
1086 642 1161 678 tua
1183 637 1319 681 indole
1341 650 1425 681 non
1448 638 1582 681 solum
1604 639 1826 695 ingeniosa,

250 714 396 743 uerum
426 701 553 744 etiam
583 707 720 752 cauta,
753 702 834 757 pia,
865 702 1056 745 modesta
1084 703 1267 758 gaudeat
1296 703 1502 747 catholica
1530 704 1714 756 ecclesia,
1745 718 1828 749 non

248 763 299 808 de
324 767 586 810 contentiosa
607 767 838 822 pertinacia
859 767 1043 811 heretica
1065 768 1309 812 exardescat
1332 769 1506 812 insania.
1546 782 1658 814 nunc
1681 776 1756 822 est,
1782 779 1828 815 ut

250 832 446 877 ostendas
484 838 645 889 quanta
679 838 774 888 post
808 834 912 876 haec
946 833 1058 877 bona
1091 833 1220 877 uerba
1255 847 1361 890 quae
1396 840 1471 877 tua
1505 838 1829 880 commemoraui

249 897 488 940 sinceritate
519 898 697 954 pectoris
728 899 893 950 dixeris,
926 899 1037 954 quod
1068 900 1266 942 continuo
1296 900 1527 945 subiecisti:
1561 915 1657 943 nam
1685 906 1729 944 ut
1757 907 1825 949 est,
1859 912 1898 941 ιο

250 961 291 1003 in
297 961 402 1017 quiS,
417 963 561 1015 optimi
573 963 772 1016 propositi
786 962 1058 1017 laudandique
1072 964 1234 1006 consilii
1245 963 1364 1017 facile
1375 964 1426 1006 ad
1439 965 1598 1007 ueriora
1611 966 1828 1016 transduci,

247 1027 307 1069 ita
334 1027 498 1080 inprobi
525 1027 788 1082 obstinatique
815 1028 964 1070 iudicii
992 1032 1046 1070 est
1073 1028 1178 1071 nolle
1208 1029 1328 1072 citius
1357 1029 1407 1071 ad
1436 1031 1632 1073 tramitem
1660 1031 1830 1075 rationis

248 1091 415 1144 inflecti.
461 1099 550 1135 esto
580 1094 704 1149 igitur
733 1094 882 1149 optimi
910 1094 1112 1149 propositi
1140 1094 1422 1151 laudandique
1453 1095 1611 1138 consilii
1639 1102 1682 1139 et
1710 1097 1829 1140 facile

249 1158 303 1200 ad
325 1158 486 1201 ueriora
507 1159 795 1210 transducere;
816 1172 893 1202 nec
913 1159 966 1205 sis
987 1159 1153 1215 inprobi
1175 1160 1458 1216 obstinatique
1479 1161 1632 1213 iudicii,
1655 1167 1704 1206 ut
1723 1163 1828 1205 nolis

248 1222 371 1266 citius
392 1224 445 1266 ad
464 1224 679 1267 tramitem
696 1224 870 1270 rationis
889 1224 1061 1269 inflecti.
1098 1224 1132 1267 si
1150 1225 1261 1268 enim
1279 1226 1381 1269 haec
1400 1226 1624 1270 liberaliter
1643 1227 1827 1272 elocutus
1858 1240 1895 1268 15

251 1303 306 1339 es,
336 1289 369 1330 si
396 1302 479 1331 non
507 1290 547 1331 in
576 1289 695 1332 labiis
723 1290 804 1332 ista
831 1290 1021 1342 sonuisti,
1052 1291 1122 1333 sed
1150 1292 1261 1336 intus
1289 1297 1331 1335 et
1356 1291 1611 1347 germanitus
1639 1293 1680 1335 in
1707 1294 1828 1336 corde

250 1354 427 1406 sensisti,
452 1355 493 1398 in
515 1361 612 1397 tuae
635 1355 900 1398 correctionis
921 1361 1043 1398 tanto
1066 1356 1174 1400 bono
1197 1357 1325 1399 etiam
1345 1371 1482 1403 moras
1505 1357 1642 1402 odisti.
1681 1372 1828 1413 parum

249 1420 403 1476 quippe
437 1420 515 1462 tibi
547 1420 628 1465 fuit
660 1421 794 1464 dicere
828 1421 991 1476 inprobi
1025 1421 1308 1478 obstinatique
1341 1436 1428 1468 esse
1462 1423 1602 1465 iudicii
1633 1423 1742 1467 nolle
1775 1426 1827 1467 ad

248 1486 462 1528 tramitem
489 1486 662 1528 rationis
689 1486 861 1538 inflecti,
886 1486 965 1529 nisi
998 1488 1170 1530 adderes
1205 1488 1366 1539 ‘citius‘‚
1388 1493 1436 1532 ut
1464 1488 1560 1531 hinc
1588 1489 1822 1533 ostenderes

248 1564 375 1606 quam
390 1551 447 1593 sit
461 1553 738 1596 exsecrandus
752 1551 824 1609 qui
840 1552 997 1595 bonum
1011 1553 1090 1595 hoc
1104 1565 1336 1609 numquam
1350 1553 1464 1605 facit,
1479 1555 1646 1609 quando
1661 1555 1827 1611 quidem
1854 1568 1895 1596 20

249 1616 319 1672 qui
341 1617 500 1659 tardius
521 1617 623 1660 facit
644 1623 767 1660 tanta
787 1617 866 1660 tibi
886 1618 1080 1661 uideatur
1099 1619 1323 1661 seueritate
1344 1618 1589 1674 culpandus,
1611 1625 1660 1663 ut
1678 1620 1826 1663 merito

247 1681 411 1736 inprobi
431 1682 572 1724 iudicii
591 1682 876 1738 obstinatique
894 1683 1070 1726 dicatur.
1106 1683 1206 1726 audi
1224 1698 1318 1740 ergo
1337 1689 1378 1728 te
1398 1685 1534 1739 ipsum
1551 1690 1682 1742 tuque
1700 1686 1828 1741 potis-

247 1747 400 1789 simum
420 1753 463 1790 et
480 1748 662 1791 maxime
682 1748 835 1804 eloquii
854 1748 917 1792 tui
935 1748 1140 1791 fructibus
1160 1754 1290 1800 utere,
1311 1755 1359 1792 ut
1379 1749 1502 1792 citius
1522 1755 1563 1793 te
1583 1751 1636 1793 ad
1655 1751 1825 1794 rationis

248 1812 462 1857 tramitem
490 1813 699 1868 grauitate
727 1813 880 1859 mentis
912 1814 1116 1866 inflectas,
1149 1828 1275 1871 quam
1306 1820 1347 1858 te
1377 1815 1471 1858 inde
1499 1816 1636 1858 minus
1666 1816 1825 1859 erudite

248 1891 479 1934 parumque
509 1879 694 1921 consulte
724 1879 881 1922 lubrico
912 1879 1064 1922 aetatis
1094 1886 1319 1923 auerteras.
1853 1894 1893 1923 25

356 1944 419 1986 21.
451 1944 583 1986 Nimis
610 1944 780 2000 longum
805 1950 870 1988 est
897 1945 1049 1995 omnia,
1078 1959 1184 2002 quae
1210 1946 1251 1988 in
1278 1945 1391 1992 libris
1418 1946 1502 1989 tuis
1528 1946 1595 1990 uel
1619 1947 1758 2002 potius
1784 1947 1825 1990 in

248 2014 289 2051 te
310 2009 398 2064 ipso
419 2009 513 2051 uolo
533 2010 759 2061 emendari,
781 2016 1038 2065 pertractare
1057 2016 1184 2067 atque
1204 2011 1409 2055 discutere
1429 2017 1471 2056 et
1490 2011 1639 2055 saltem
1658 2012 1826 2055 breuem

341 2111 360 2144 2
378 2110 476 2146 Vino.
495 2110 629 2153 Victor;
646 2111 690 2146 cf.
709 2121 788 2157 pag.
806 2111 879 2153 367,
899 2111 988 2145 5-9
1123 2111 1165 2146 10
1183 2111 1283 2147 Vino.
1302 2111 1440 2155 Victor;
1457 2112 1501 2148 cf.
1518 2123 1596 2159 pag.
1616 2113 1691 2155 357,
1710 2113 1818 2148 9—11

343 2195 356 2227 1
380 2193 611 2238 perloquutus
623 2195 655 2228 A
737 2195 756 2228 2
775 2193 842 2239 ipsi
858 2193 941 2229 BEI
949 2195 1022 2230 de
1099 2194 1155 2240 ea]
1171 2182 1253 2241 eth
1327 2196 1498 2241 aprobare
1512 2195 1544 2230 B
1560 2196 1708 2242 probare
1718 2195 1822 2231 CDIb

249 2253 273 2287 3
298 2251 440 2298 propria
463 2252 641 2288 sententia
659 2254 691 2288 A
782 2255 803 2289 4
826 2253 855 2290 si
873 2254 940 2289 ΕΗ
1032 2253 1147 2289 cordis
1161 2253 1198 2289 Η
1223 2255 1254 2300 (s
1280 2265 1307 2289 s.
1320 2254 1356 2299 l.)
1448 2254 1578 2290 iudicio
1602 2254 1772 2290 damnato
1783 2255 1825 2290 bd

250 2312 273 2346 5
287 2311 362 2357 agis
372 2311 407 2347 H
453 2313 474 2347 6
493 2317 533 2348 ut
543 2312 599 2359 de]
611 2313 704 2348 unde
716 2313 747 2348 E
789 2313 810 2348 9
823 2312 931 2349 uerba
942 2314 1036 2349 bona
1047 2314 1078 2348 Ε
1118 2315 1158 2349 10
1169 2314 1363 2359 peccatoris
1375 2315 1407 2349 A
1452 2315 1491 2350 11
1504 2314 1727 2350 transducere
1740 2313 1820 2349 ΒΟ]

250 2371 496 2407 transcendere
512 2373 541 2407 T
627 2373 666 2406 12
684 2372 737 2408 ita
754 2376 796 2408 ut
809 2372 869 2409 Bo
962 2373 1144 2419 inproprio
1155 2374 1187 2408 A
1272 2373 1422 2409 iudiciA
1511 2374 1553 2410 13
1565 2373 1822 2409 esto-inflecti

246 2431 289 2465 in
313 2431 414 2477 qu
470 2432 510 2467 15
529 2432 670 2467 tramite
681 2432 711 2467 C
781 2432 820 2467 16
836 2433 906 2468 ista
921 2432 1036 2467 solum
1052 2432 1157 2468 modo
1172 2433 1202 2467 T
1267 2434 1307 2468 17
1322 2433 1551 2479 correptionis
1564 2434 1594 2468 T
1653 2433 1694 2469 18
1706 2432 1819 2468 noliD

249 2490 294 2524 20
312 2490 528 2526 execrandus
542 2490 610 2526 ΒΗ
679 2491 889 2538 qui—iacit]
908 2491 970 2537 qui
988 2492 1122 2528 bonum
1142 2502 1249 2538 quam
1270 2492 1356 2528 facit
1368 2491 1429 2529 Bo
1491 2493 1624 2528 bonum
1641 2503 1704 2527 om.
1719 2491 1819 2528 DEH

249 2550 317 2585 hoc
334 2550 488 2593 om.1T‚b
504 2551 544 2586 in
559 2552 650 2586 textu
741 2551 781 2585 21
804 2551 881 2598 qui]
898 2554 970 2597 qua
981 2550 1042 2588 BC
1121 2551 1265 2588 uidetur
1276 2551 1357 2587 1301
1364 2553 1394 2587 T
1471 2551 1654 2589 teneritati
1670 2553 1702 2587 A
1718 2555 1822 2588 tanta

248 2608 441 2646 seueritate
459 2609 492 2645 B
630 2611 673 2646 23
688 2609 821 2656 eloquii
847 2610 914 2657 tui]
939 2621 1008 2656 qut²
1035 2611 1202 2657 loquutus
1222 2612 1255 2646 A
1280 2611 1439 2647 elocutus
1461 2610 1543 2648 BGI
1569 2611 1686 2657 eloqui
1714 2611 1767 2647 tui
1785 2611 1819 2646 D

246 2668 399 2705 elocutis
413 2670 444 2704 T
548 2669 722 2706 fructibus
736 2671 838 2705 om.A
935 2671 978 2706 25
994 2669 1122 2706 aetatis
1140 2670 1270 2706 lubrice
1281 2671 1324 2712 E,
1333 2671 1372 2706 in
1382 2682 1448 2717 ηις.
1461 2670 1505 2707 al.
1518 2670 1533 2706 l
1547 2669 1682 2707 lubrica
1693 2673 1788 2706 etate
1799 2670 1818 2706 b

245 2727 319 2772 etis
331 2729 363 2763 A
448 2733 588 2765 auertas
600 2729 652 2765 DI
659 2730 689 2764 T
775 2729 817 2764 26
835 2729 933 2764 libris
949 2729 987 2764 in
1003 2729 1075 2766 tuis
1086 2730 1118 2765 Ε
1218 2729 1289 2766 tuis
1304 2729 1403 2766 libris
1415 2729 1495 2766 BC'I
1501 2730 1554 2765 Τά
1646 2729 1687 2766 27
1702 2739 1817 2765 emen-

243 2787 332 2822 dare
346 2788 378 2823 D
447 2788 658 2834 pertractari
669 2788 736 2824 ΕΗ
804 2788 887 2824 sulti
898 2788 966 2824 ΕΗ
971 2789 1001 2824 Τ
1071 2789 1176 2825 breue
1187 2789 1221 2824 D
