2028 3204
222 234 307 277 394
658 245 715 280 IV.
749 243 801 280 De
833 248 961 280 natura
991 249 1027 280 et
1058 245 1190 292 origine
1222 246 1360 282 animae

218 371 425 413 distamus
462 370 544 412 iam
582 370 660 412 hoc
696 370 797 412 scire
833 370 1063 413 debemus?
1110 371 1217 413 sicut
1254 371 1364 413 enim
1401 371 1503 413 nihil
1539 372 1641 414 mihi
1677 372 1789 429 legis,

217 443 265 479 ut
287 450 352 478 me
377 435 516 478 uiuere
541 435 669 478 sciam
692 460 746 466 —
766 435 895 478 habet
918 437 1027 480 enim
1052 442 1203 479 natura
1226 449 1331 485 mea,
1357 442 1405 479 ut
1428 437 1506 480 hoc
1529 437 1683 480 nescire
1707 451 1791 481 non

217 502 371 558 possim
391 526 443 531 -—
461 502 533 551 ita,
554 500 588 542 si
606 506 648 544 et
667 501 767 545 illud
787 501 887 544 scire
907 508 1082 546 naturae
1101 507 1176 552 est,
1198 515 1270 545 cur
1288 503 1390 545 mihi
1408 503 1458 545 de
1477 503 1555 545 hac
1574 517 1615 546 re
1634 503 1791 558 profers

218 569 368 623 quibus
410 568 575 610 credam
617 567 857 610 testimonia
898 567 1228 624 scripturarum?
1271 569 1473 625 numquid
1516 569 1591 611 soli
1631 568 1792 612 distant

217 647 361 691 pecore
380 636 450 689 qui
468 647 535 676 eas
552 633 726 688 legunt?
745 645 880 677 nonne
898 635 958 678 ita
974 634 1101 677 creati
1118 648 1273 683 sumus,
1292 640 1340 676 ut
1356 636 1557 677 distemus
1575 635 1790 690 pecoribus

217 707 258 743 et
273 705 501 755 antequam
516 700 567 742 ad
585 700 744 755 aliquas
759 701 919 744 litteras
935 701 1147 757 peruenire
1163 700 1398 756 possimus?
1415 701 1513 756 quid
1529 706 1605 751 est,
1623 714 1788 756 quaeso,

217 768 327 822 quod
348 771 515 809 tantum
536 771 709 809 naturae
729 772 893 810 nostrae
912 780 1091 822 arrogas,
1112 772 1159 809 ut
1178 782 1224 809 eo
1245 766 1333 821 ipso
1353 780 1434 822 quo
1453 767 1584 809 distat
1603 781 1627 809 a
1646 779 1790 822 pecore

216 832 299 875 iam
322 833 431 874 norit
454 833 504 874 de
527 830 680 886 origine
703 833 936 876 animarum
958 832 1183 888 disquirere
1206 838 1333 887 atque
1355 833 1564 882 disserere,
1588 838 1629 874 et
1651 845 1790 875 rursus

216 912 308 942 eam
338 898 394 940 sic
425 898 524 940 facis
553 897 674 940 huius
705 899 950 954 cognitionis
980 903 1205 954 expe-rtem,
1236 904 1284 940 ut
1313 899 1391 941 hoc
1419 898 1520 941 scire
1548 898 1790 941 humanitus

216 971 409 1020 nequeat,
442 962 518 1006 nisi
548 963 698 1006 diuinis
730 964 905 1007 testibus
936 964 1109 1007 credat?

323 1036 399 1080 XI.
427 1035 487 1078 15.
513 1034 671 1077 Deinde
694 1042 735 1078 et
758 1036 800 1078 in
821 1037 898 1078 hoc
922 1036 1084 1078 falleris
1124 1049 1221 1079 nam
1243 1034 1385 1077 diuina
1408 1034 1660 1083 testimonia,
1686 1047 1790 1090 quae

214 1103 267 1144 ad
294 1102 418 1144 istam
446 1101 731 1157 quaestionem
757 1102 999 1145 soluendam
1025 1102 1173 1144 referre
1198 1101 1380 1149 uoluisti,
1409 1114 1492 1143 non
1517 1101 1557 1142 id
1584 1101 1788 1155 aperiunt.

214 1168 327 1210 aliud
357 1173 419 1210 est
449 1169 559 1223 quod
589 1167 657 1209 illa
686 1168 988 1217 demonstrant,
1018 1168 1103 1210 sine
1134 1181 1214 1223 quo
1243 1180 1339 1209 uere
1368 1180 1451 1209 non
1478 1180 1696 1222 possumus
1726 1167 1789 1222 pie

215 1234 367 1285 uiuere,
389 1236 498 1290 quod
518 1233 673 1276 scilicet
691 1234 924 1277 animarum
943 1238 1179 1276 nostrarum
1197 1234 1321 1275 deum
1340 1231 1567 1275 habeamus
1586 1233 1788 1282 datorem,

215 1303 456 1350 creatorem,
487 1301 767 1343 formatorem.
813 1302 883 1344 sed
914 1300 1122 1354 quomodo
1151 1299 1191 1341 id
1222 1298 1361 1348 faciat,
1392 1303 1533 1341 utrum
1562 1311 1691 1340 nouas
1721 1312 1788 1341 eas

216 1366 356 1408 flando
384 1379 438 1408 an
464 1367 514 1409 de
542 1366 783 1420 parentibus
811 1366 1028 1416 trahendo,
1056 1378 1140 1407 non
1166 1363 1406 1419 exprimunt
1432 1364 1511 1406 nisi
1536 1365 1586 1407 de
1613 1376 1695 1406 una
1723 1364 1791 1406 illa

216 1444 342 1487 quam
368 1431 500 1487 primo
527 1431 685 1474 homini
710 1432 838 1474 dedit.
881 1432 966 1487 lege
992 1431 1211 1487 diligenter
1236 1430 1345 1485 quod
1372 1429 1515 1486 scripsi
1541 1431 1592 1472 ad
1620 1429 1790 1472 fratrem

216 1502 405 1539 nostrum
433 1497 499 1539 dei
526 1511 691 1541 seruum
722 1497 952 1547 Renatum3
981 1496 1038 1538 ibi
1064 1496 1173 1539 enim
1203 1496 1299 1550 quia
1327 1495 1367 1536 id
1397 1495 1572 1546 ostendi,
1601 1508 1684 1537 non
1711 1494 1791 1537 fuit

215 1576 377 1605 necesse
399 1568 440 1605 et
460 1563 525 1604 hic
545 1564 732 1606 scribere.
770 1563 894 1605 uelles
915 1566 1056 1605 autem
1077 1575 1141 1604 me
1162 1561 1333 1604 definire
1355 1563 1465 1615 quod
1487 1562 1572 1617 ipse
1592 1560 1788 1610 definisti,

215 1633 262 1671 ut
285 1628 327 1670 in
350 1629 452 1671 tales
474 1629 687 1683 angustias
711 1629 989 1678 contruderer,
1015 1628 1056 1669 in
1079 1628 1219 1682 quales
1243 1627 1328 1682 ipse
1352 1632 1569 1670 contrusus
1592 1627 1789 1669 aduersus

216 1694 464 1736 catholicam
482 1694 608 1737 fidem
624 1699 690 1737 tot
706 1700 748 1737 et
765 1699 886 1736 tanta
902 1694 1064 1736 locutus
1081 1707 1135 1743 es,
1155 1697 1201 1735 ut
1216 1707 1264 1735 ea
1280 1693 1314 1735 si
1330 1692 1508 1735 fideliter
1523 1698 1564 1735 et
1580 1691 1792 1734 humiliter

214 1760 368 1802 recolas
397 1765 524 1815 atque
553 1759 796 1810 consideres,
827 1759 968 1802 uideas
998 1758 1182 1813 profecto
1213 1764 1419 1814 quantum
1448 1758 1525 1800 tibi
1554 1757 1788 1813 profuisset,

214 1825 248 1867 si
275 1825 417 1867 scisses
446 1827 599 1869 nescire
630 1827 739 1880 quod
770 1825 913 1875 nescis,
943 1830 985 1867 et
1013 1828 1218 1880 quantum
1248 1823 1325 1866 tibi
1354 1823 1496 1879 prosit,
1525 1824 1558 1866 si
1587 1823 1652 1864 uel
1680 1834 1790 1864 nunc

213 1890 330 1932 scias.
374 1904 471 1933 nam
498 1892 531 1934 si
557 1891 838 1947 intellegentia
864 1890 943 1933 tibi
967 1890 1104 1945 placet
1130 1889 1172 1930 in
1198 1895 1348 1932 natura
1373 1889 1564 1938 hominis,
1593 1888 1789 1944 quoniam

215 1970 357 1999 reuera
389 1957 423 2000 si
458 1971 549 2000 eam
584 1971 667 2000 non
700 1957 885 2006 haberet,
921 1954 1035 2005 nihil,
1072 1960 1277 2011 quantum
1312 1955 1365 1997 ad
1399 1955 1558 1998 animas
1594 1953 1787 2009 pertinet,

215 2021 431 2078 pecoribus
459 2024 721 2073 distaremus,
751 2023 940 2078 intellege
969 2022 1067 2077 quid
1097 2034 1180 2063 non
1208 2021 1433 2077 intellegas,
1463 2033 1512 2062 ne
1541 2025 1679 2062 totum
1707 2032 1790 2061 non

215 2089 441 2146 intellegas,
475 2094 518 2132 et
550 2089 633 2131 noli
664 2088 871 2143 despicere
904 2087 1127 2132 hominem.
1163 2087 1232 2142 qui
1265 2092 1312 2129 ut
1344 2085 1546 2129 ueraciter
1577 2084 1790 2140 intellegat

318 2226 358 2260 18
377 2225 419 2260 cf.
439 2236 516 2271 pag.
533 2225 596 2260 317
616 2210 702 2270 sqq?

317 2321 334 2355 1
352 2320 441 2354 nihil
457 2320 555 2354 omE
609 2319 708 2367 legis]
722 2319 840 2365 legisse
857 2329 945 2364 opus
961 2322 1015 2354 est
1026 2318 1060 2352 H
1107 2319 1127 2352 2
1144 2328 1198 2352 me
1217 2318 1315 2353 om.E
1359 2317 1426 2352 hoc
1436 2315 1522 2351 scire
1534 2314 1663 2360 possim
1675 2325 1740 2360 sqq.
1758 2315 1787 2350 T

214 2390 283 2414 non
301 2379 388 2415 om.1
452 2380 473 2413 3
491 2378 634 2425 possim]
651 2378 717 2413 sim
730 2380 761 2414 A
816 2378 882 2414 etsi
894 2378 941 2413 Cb
996 2381 1124 2413 natura
1139 2376 1278 2412 BCHIb
1334 2378 1354 2411 4
1370 2375 1546 2421 scripturn
1559 2376 1590 2409 A
1654 2374 1675 2408 5
1692 2385 1711 2409 a
1730 2384 1787 2419 pe-

213 2450 292 2474 core
304 2439 344 2474 bd
388 2438 447 2474 alt.
466 2449 486 2473 a
503 2438 686 2483 pecoribus
697 2438 774 2473 Hbd
815 2439 834 2473 7
851 2437 941 2485 ipso]
951 2437 1019 2473 isto
1031 2437 1059 2473 G
1100 2436 1196 2484 quod
1207 2435 1326 2472 ABG!
1333 2435 1382 2470 Tb
1421 2432 1617 2471 8dissereB
1655 2433 1786 2469 et—sic

214 2499 318 2534 om.H
388 2498 409 2532 9
426 2497 505 2533 uius
517 2498 549 2532 A
612 2497 841 2543 cogitationis
854 2497 1024 2539 1301‚b0·n
1039 2507 1103 2543 my.
1162 2497 1204 2532 12
1220 2495 1266 2531 ad
1282 2495 1350 2531 ista
1367 2495 1404 2530 in
1416 2494 1445 2530 Ο
1499 2494 1540 2529 13
1556 2493 1613 2529 ille
1624 2493 1653 2528 0
1709 2503 1787 2538 pos-

213 2557 322 2593 simus
335 2559 366 2593 A
444 2558 486 2593 14
502 2557 712 2593 habemuse*
797 2557 837 2592 15
855 2557 891 2592 id
909 2556 1004 2603 quod
1020 2556 1108 2592 facit
1119 2555 1147 2591 C
1222 2555 1264 2591 16
1282 2566 1327 2590 an
1344 2553 1403 2602 de]
1419 2553 1511 2589 unde
1526 2551 1557 2586 B
1640 2551 1699 2586 illa
1716 2563 1785 2587 una

219 2616 300 2653 BCI
308 2618 380 2653 de
451 2617 548 2652 huna
558 2617 591 2652 A
658 2618 699 2652 17
716 2615 784 2662 legi
795 2616 824 2652 Ο
890 2616 1032 2661 scripsit
1043 2616 1071 2652 Ο
1143 2616 1185 2651 18
1201 2613 1366 2651 seruusA
1430 2611 1585 2659 ostendi]
1601 2612 1742 2657 optinet
1753 2611 1788 2646 Η

215 2677 257 2712 19
273 2676 414 2712 difinire
433 2677 465 2712 E
552 2676 619 2721 ipsi
634 2675 694 2711 Bo
767 2675 922 2711 diffinisti
940 2676 972 2711 E
1047 2676 1088 2711 20
1105 2676 1305 2711 contruerer
1323 2673 1353 2710 0
1442 2673 1482 2708 21
1501 2675 1576 2708 tote
1591 2671 1670 2717 (om.
1688 2671 1739 2716 et)
1759 2670 1787 2706 Ο

213 2739 473 2783 et—quantum
490 2736 558 2772 tibi
576 2736 676 2771 om.A
742 2735 911 2782 loquutus
923 2734 975 2769 BI
1044 2746 1102 2770 eas
1115 2734 1170 2770 Hb
1244 2733 1296 2781 et]
1312 2735 1420 2779 atque
1430 2731 1473 2767 bd
1537 2730 1581 2767 23
1596 2729 1626 2766 si
1641 2729 1745 2766 cissos
1756 2729 1788 2765 E

213 2795 300 2832 scire
312 2796 341 2832 G
384 2795 415 2831 si
431 2796 535 2832 om.H
588 2795 631 2830 25
648 2795 677 2831 si
694 2805 813 2830 reuera
825 2794 856 2829 A
902 2793 1125 2840 pertinentA
1172 2793 1215 2829 26
1231 2804 1253 2828 a
1269 2790 1508 2838 pecoribusbd
1543 2788 1786 2836 intellege-011

212 2855 272 2903 ne]
288 2866 352 2891 nec
364 2855 425 2891 GE
489 2854 762 2901 ne—-intellegas
778 2854 880 2890 om.D
955 2854 997 2889 27
1015 2852 1184 2899 dispicere
1195 2851 1262 2888 011
1326 2851 1382 2898 ut]
1397 2850 1428 2886 it
1438 2849 1468 2886 0

1818 647 1835 675 5

1819 975 1860 1005 10

1819 1308 1857 1337 15

1818 1637 1859 1666 20

1817 1963 1857 1993 25
