2028 3204
296 196 375 241 326
728 206 786 240 IV.
819 205 871 243 De
903 211 1030 242 natura
1063 210 1099 242 et
1128 206 1260 253 origine
1290 207 1431 243 animae

289 346 422 375 cras
463 332 518 374 in
552 332 867 374 clibanum
898 331 1201 383 mittitur,
1236 332 1380 375 deus
1415 332 1502 375 sic
1534 333 1753 385 uestit,
1786 347 1860 376 nec

289 398 349 440 ait
394 397 609 448 ‘uestiuit‘‚
653 398 759 440 sicut
801 398 980 453 primum
1023 397 1190 452 quando
1234 397 1432 447 instituit,
1475 398 1546 440 sed
1580 398 1639 441 ait
1689 399 1858 451 ‘uestit‘‚

293 465 403 518 quod
439 468 480 505 et
512 477 623 506 nunc
654 464 769 514 facit,
812 463 904 506 ideo
945 463 1189 518 negabimus
1220 463 1306 506 lilia
1336 463 1388 506 de
1421 463 1575 519 origine
1607 463 1670 506 sui
1701 463 1860 520 generis

291 529 509 584 procreari.
563 530 660 584 quid
704 529 737 571 si
779 542 874 583 ergo
906 529 963 570 sic
1002 529 1128 571 etiam
1162 528 1301 571 anima
1334 534 1375 570 et
1407 529 1576 584 spiritus
1609 529 1786 572 hominis
1819 535 1861 572 et

291 610 315 636 a
347 596 423 638 deo
456 596 594 643 datur,
630 594 829 649 quamdiu
862 594 999 640 datur.
1035 599 1076 637 et
1107 599 1250 637 tamen
1281 608 1331 636 ex
1364 595 1589 650 propagine
1615 594 1678 637 sui
1703 595 1861 651 generis

291 660 450 703 datur?
486 661 597 715 quod
630 674 703 715 ego
736 674 811 702 nec
852 660 1029 702 defendo
1062 674 1136 703 nec
1167 659 1319 703 refello.
1370 660 1441 702 sed
1481 660 1514 702 si
1555 660 1862 703 defendendum

290 733 350 769 est
399 726 463 768 uel
513 725 796 776 refellendum,
848 725 1086 781 perspicuis,
1144 739 1226 768 non
1273 725 1477 781 ambiguis
1523 725 1772 769 testimoniis
1819 726 1860 769 id

290 792 496 847 agendum
538 806 624 834 esse
666 805 920 834 commoneo.
978 805 1052 834 nec
1094 796 1314 847 propterea
1354 805 1446 833 sum
1478 791 1694 846 peco1ibus
1726 791 1862 834 insen-

289 858 391 900 satis
435 858 752 913 eomparandus,
796 857 894 912 quia
934 857 1011 899 hoc
1052 871 1118 899 me
1164 857 1351 899 nondum
1383 856 1484 899 scire
1516 856 1756 912 pronuntio,
1790 857 1861 900 sed

289 923 429 979 potius
473 922 606 965 cautis
651 922 899 973 hominibus,
944 922 1042 977 quia
1081 936 1165 966 non
1207 922 1340 964 audeo
1381 923 1526 964 docere
1569 923 1677 978 quod
1710 922 1858 965 nescio.

290 988 416 1032 istum
468 994 609 1031 autem
657 1002 739 1032 non
787 1002 860 1043 ego
908 987 1089 1031 uicissim
1146 987 1262 1042 quasi
1319 990 1546 1042 rependens
1594 987 1862 1030 maledictum

292 1068 367 1110 pro
401 1054 623 1097 maledieto
679 1053 896 1108 pecoribus
929 1067 1136 1109 comparo,
1179 1054 1249 1096 sed
1282 1059 1502 1108 tamquam
1535 1053 1667 1096 filium
1699 1067 1861 1105 moneo,

291 1125 337 1162 ut
381 1120 492 1174 quod
535 1119 665 1163 nescit
708 1134 750 1163 se
791 1119 945 1161 nescire
987 1119 1171 1162 fateatur
1203 1132 1335 1174 neque
1367 1119 1408 1162 id
1442 1119 1549 1174 quod
1585 1119 1769 1162 nondum
1802 1118 1861 1161 di-

290 1185 392 1227 dicit
440 1186 585 1228 docere
633 1185 842 1235 moliatur,
891 1198 943 1228 ne
990 1190 1252 1240 comparetur
1294 1198 1374 1227 non
1417 1184 1646 1239 pecoribus,
1680 1185 1749 1227 sed
1785 1184 1861 1226 illis

291 1251 541 1303 hominibus,
607 1265 710 1306 quos
772 1250 874 1293 die-it
930 1251 1142 1305 apostolus
1191 1250 1480 1293 uolentes
1529 1264 1658 1292 esse
1706 1249 1862 1304 legis

289 1318 583 1359 doctores
641 1330 754 1360 non
809 1316 1271 1371 intellegentes<
1328 1329 1519 1371 neque
1577 1328 1727 1370 quae
1789 1315 1862 1357 lo-

291 1387 566 1436 quuntur
607 1396 800 1438 neque
841 1383 906 1425 de
949 1382 1172 1436 quibus
1214 1381 1560 1423 affirmant.

380 1460 518 1503 XVII.
563 1461 627 1503 27.
680 1459 787 1501 Nam
819 1460 929 1502 unde
961 1464 1037 1509 est,
1082 1459 1191 1515 quod
1235 1458 1296 1502 ita
1336 1457 1575 1515 scripturas.
1618 1458 1669 1500 de
1712 1457 1862 1512 quibus

291 1526 489 1581 loquitur,
533 1539 615 1568 non
657 1532 775 1568 curat
817 1527 1044 1574 aduertere,
1095 1529 1142 1567 ut
1174 1538 1267 1566 cum
1300 1524 1443 1579 legerit
1476 1523 1661 1567 homines
1694 1536 1780 1566 esse
1811 1537 1862 1566 ex

290 1592 380 1635 deo.
430 1606 514 1633 non
561 1605 629 1633 eos
677 1590 804 1634 etiam
851 1590 1078 1633 secundum
1120 1602 1280 1644 corpus,
1315 1590 1383 1631 sed
1421 1590 1601 1632 ‘tantum
1633 1589 1861 1631 secundum

292 1659 476 1699 animam
510 1662 551 1699 et
583 1656 776 1711 spiritum
818 1670 868 1699 ex
909 1656 986 1699 deo
1028 1656 1127 1699 esse‘
1177 1654 1436 1697 contendat?
1487 1656 1597 1710 quod
1644 1653 1753 1698 enim
1801 1652 1860 1696 ait

293 1722 526 1778 apostolus:
576 1736 642 1764 ex
688 1721 822 1778 ipso
870 1735 1084 1770 sumus,
1134 1734 1216 1763 non
1258 1720 1349 1762 uult
1390 1720 1469 1763 iste
1509 1720 1561 1764 ad
1595 1733 1755 1774 corpus,
1789 1719 1860 1761 sed

292 1792 460 1831 tantum
509 1788 560 1829 ad
610 1787 792 1830 animam
840 1792 881 1828 et
929 1786 1122 1843 spiritum
1166 1800 1252 1828 esse
1292 1786 1568 1829 referendum.
1615 1785 1647 1827 si
1679 1799 1775 1840 ergo
1811 1798 1862 1827 ex

290 1854 366 1896 deo
400 1868 483 1896 non
516 1858 612 1896 sunt
647 1866 831 1908 corpora,
866 1852 1015 1894 falsum
1049 1856 1110 1895 est
1144 1851 1255 1906 quod
1287 1851 1489 1907 scriptum
1522 1855 1602 1894 est:
1647 1865 1712 1893 ex
1749 1863 1861 1904 quo

292 1921 512 1967 omnia,
564 1932 665 1973 per
713 1932 880 1974 quem
929 1917 1149 1969 omnia,
1190 1916 1247 1960 in
1290 1930 1402 1972 quo
1444 1915 1663 1959 omnia.
1712 1915 1861 1958 deinde

291 1985 363 2027 ubi
395 1984 497 2028 dicit
530 1984 639 2027 idem
674 1984 904 2040 apostolus:
947 1983 1115 2026 sicut
1157 1982 1311 2025 enim
1353 1981 1575 2024 mulie*
1622 1995 1688 2023 ex
1729 1981 1860 2022 uiro

291 2051 381 2092 ita
413 2056 469 2093 et
501 2049 594 2092 uir
625 2063 727 2106 per
759 2049 1096 2095 mulierem,
1140 2053 1323 2103 exponat
1355 2047 1472 2090 nobis
1504 2047 1582 2089 iste
1615 2059 1740 2102 quam
1770 2059 1862 2102 pro-

291 2116 483 2172 paginem
524 2115 756 2171 significare
797 2114 988 2167 uoluerit,
1031 2115 1192 2157 animae
1234 2127 1285 2155 an
1328 2114 1507 2167 corporis
1541 2126 1594 2155 an
1625 2112 1859 2167 utriusque;

290 2182 361 2223 sed
388 2195 472 2224 non
505 2181 596 2223 uult
634 2181 734 2223 ‘esse
766 2180 925 2223 animas
958 2194 1007 2223 ex
1041 2179 1300 2235 propagine⁴z
1334 2183 1465 2221 restat
1497 2191 1604 2233 ergo,
1639 2182 1686 2219 ut
1719 2190 1862 2219 secun-

383 2313 404 2347 8
418 2312 460 2347 of.
481 2313 533 2347 Ps.
551 2313 606 2353 48,
624 2313 665 2347 13
763 2312 803 2347 15
823 2311 840 2346 I
857 2310 945 2346 Tim.
965 2311 995 2352 1,
1012 2312 1031 2346 7
1131 2311 1182 2345 20.
1203 2310 1246 2345 29
1262 2309 1360 2345 Vinc.
1380 2308 1501 2343 Victox¹
1520 2315 1526 2321 ’
1589 2309 1630 2343 22
1648 2308 1726 2342 Act.
1743 2308 1797 2348 17,
1813 2307 1858 2342 28

294 2374 335 2407 24
356 2372 458 2407 Rom.
479 2374 531 2413 11,
547 2373 592 2407 36
684 2372 727 2406 26
745 2370 762 2407 Ι
780 2371 856 2407 Cor.
876 2373 927 2411 11,
948 2371 989 2406 12

382 2463 397 2496 1
415 2459 670 2495 sic—instituit
685 2471 749 2495 om.
764 2459 850 2494 Dm]
937 2460 958 2494 3
974 2458 1179 2505 negauimus
1192 2458 1224 2492 E
1306 2459 1326 2492 4
1343 2467 1394 2501 pr.
1408 2460 1446 2492 et
1460 2467 1525 2492 om.
1537 2456 1570 2491 A
1645 2456 1666 2491 6
1681 2466 1734 2501 pr.
1748 2453 1858 2490 nonG

293 2522 312 2555 7
327 2519 500 2555 ambicuis
513 2521 544 2555 A
635 2521 656 2554 8
670 2530 749 2554 sum
763 2530 827 2554 om.
842 2518 875 2553 D
964 2529 1039 2564 pec.
1055 2517 1123 2554 ins.
1138 2528 1218 2552 sum
1230 2516 1271 2552 bd
1346 2516 1368 2552 9
1379 2516 1466 2552 scire
1482 2514 1677 2569 nondum—G
1698 2514 1856 2550 nondum

294 2590 350 2615 me
365 2579 452 2615 scire
464 2579 508 2614 M
583 2578 795 2624 praenuntio
804 2579 847 2613 M
928 2579 970 2613 10
985 2577 1150 2613 decorare
1160 2577 1204 2612 M
1285 2576 1325 2612 11
1340 2575 1474 2620 iustum
1485 2576 1516 2611 F
1592 2572 1813 2620 rephendens
1824 2573 1855 2608 E

295 2641 336 2675 12
355 2650 416 2686 pro
438 2637 710 2674 maledictumA
795 2637 976 2684 pecoribus
991 2636 1030 2672 in
1046 2647 1110 2683 my.
1124 2637 1156 2672 E
1253 2646 1375 2671 meneo
1386 2634 1453 2688 Q—
1503 2635 1546 2671 13
1560 2644 1612 2678 pr.
1626 2633 1721 2679 quod
1735 2643 1799 2669 om.
1812 2632 1856 2668 M

294 2699 336 2734 16
351 2698 517 2734 locuntur
530 2697 685 2733 CDEFG'
746 2698 788 2733 18
804 2696 912 2732 istac
987 2697 1031 2732 20
1049 2703 1106 2731 eos
1122 2706 1185 2731 om.
1201 2695 1244 2730 M
1316 2696 1356 2731 21
1373 2703 1454 2740 spm
1467 2703 1542 2729 esse
1555 2692 1792 2734 referendum:
1817 2690 1859 2729 Si

293 2768 374 2804 ergo
397 2757 449 2793 ait
474 2757 561 2804 apis.
584 2768 629 2793 ex
652 2757 727 2804 ipso
751 2760 805 2799 ssu
831 2756 911 2792 Non
934 2756 1013 2792 uult
1036 2755 1102 2791 iste
1121 2754 1167 2790 ad
1189 2765 1314 2800 corpus
1338 2753 1434 2800 quod
1457 2751 1594 2799 scriptu
1620 2755 1638 2788 ὃ
1653 2751 1687 2788 Α
1738 2750 1858 2798 agito

293 2819 333 2853 24
351 2828 402 2862 pr.
417 2816 486 2864 est]
497 2828 573 2853 esse
587 2817 616 2853 C
700 2816 742 2852 26
760 2815 853 2852 idem
870 2815 963 2862 (3.1.)
981 2814 1060 2862 apis
1075 2813 1169 2859 idem
1181 2813 1213 2849 Β
1229 2813 1411 2860 apostolus
1427 2811 1521 2848 idem
1539 2812 1569 2848 G
1638 2811 1731 2847 idem
1743 2809 1856 2847 omM

1887 608 1905 637 5

1893 933 1931 963 1⁰

1892 1260 1930 1290 15

1889 1599 1931 1630 2⁰

1888 1927 1929 1957 25
