2028 3204
296 238 375 282 614

342 360 540 406 appellatur
561 359 573 393 I
593 360 647 399 36,
668 360 720 393 24.
741 367 831 403 quae
850 367 920 391 non
939 356 1049 391 homi-

342 420 445 454 nibus
473 422 509 453 et
537 417 730 463 pecoribus,
759 416 820 451 sed
848 415 1050 451 hominibus

342 478 543 523 angelisque
567 476 763 511 communis
781 480 833 510 est
857 475 893 510 ΙΙ
916 477 969 516 70,
996 476 1047 511 17.

300 538 485 572 Rauenna:
522 536 565 571 de
593 536 763 570 Rauenna
798 534 970 580 profectio
1014 534 1051 570 ΙΙ

348 598 424 637 254,
451 598 480 630 2.

298 661 429 690 reatus:
448 654 611 700 paruulos
627 654 670 689 de
686 653 901 699 quibuslibet
918 653 1050 688 sanctis

340 715 512 759 iustisque
527 718 725 759 procreatos
737 712 916 758 originalis
930 723 1050 758 pecca·

343 774 371 808 ti
398 778 496 808 reatu
522 784 591 808 non
617 773 753 807 absolui
782 772 797 807 Ι
824 773 899 813 149,
927 773 978 807 16.
1006 783 1047 807 ex

343 833 548 879 parentibus
567 833 705 867 trahere
727 832 742 867 I
762 833 838 873 478,
861 832 912 867 16.

301 897 503 938 receperunt
533 903 612 927 eum
641 892 734 926 idem
765 891 878 926 ualere
908 902 948 925 ac
978 901 1048 925 cre-

342 952 509 986 diderunt
535 952 572 986 in
599 963 679 986 eum
711 951 725 985 Ι
753 952 830 992 427,
861 952 912 986 10.

298 1011 533 1048 reconciliatio
559 1015 611 1046 est
636 1011 672 1046 in
706 1011 845 1046 lauacro
872 1020 1048 1056 regenera-

345 1072 452 1106 tionis
476 1075 512 1106 et
537 1071 664 1107 Christi
688 1081 790 1106 carne
820 1074 856 1106 et
879 1069 1047 1116 sanguine

352 1131 365 1165 Ι
390 1131 467 1167 529,
496 1132 546 1165 13.

299 1201 458 1235 regnum:
484 1189 539 1223 (lei
565 1200 635 1234 quo
662 1189 735 1223 sola
753 1188 881 1223 Christi
899 1188 1048 1223 societas

342 1249 536 1283 introducit
563 1248 576 1283 l
606 1249 657 1289 16,
686 1251 736 1283 14.
764 1248 888 1283 mortis
912 1248 1048 1283 auferre

347 1308 360 1342 Ι
386 1310 437 1349 13,
463 1309 514 1343 24.
540 1308 674 1349 mortis,
699 1308 840 1353 quando
863 1307 915 1342 ita
937 1306 1048 1342 domi-

343 1373 449 1402 natur
472 1368 507 1401 in
534 1367 733 1402 hominibus
759 1371 876 1402 reatus
902 1366 1048 1413 peccati,

344 1432 383 1462 ut
413 1439 470 1462 eos
501 1428 545 1461 ad
576 1427 687 1461 uitam
719 1431 898 1462 aeternam
929 1426 1048 1461 uenire

343 1498 413 1521 non
437 1486 531 1521 sinat
558 1486 573 1521 Ι
601 1488 652 1527 13,
679 1487 730 1521 25.

299 1547 432 1592 regula:
454 1546 538 1581 fidei
561 1546 575 1580 Ι
599 1547 672 1586 115,
693 1547 724 1581 6.
749 1547 823 1587 137,
844 1546 875 1581 8.
896 1546 973 1587 358,
993 1546 1046 1580 21.

343 1606 419 1647 523,
450 1607 479 1641 7.
511 1605 673 1640 ueritatis
703 1605 718 1640 Ι
746 1606 800 1646 95,
828 1606 860 1640 6.
892 1606 966 1646 104,
995 1605 1047 1640 18.

343 1667 419 1706 349,
438 1665 490 1700 25.
510 1665 683 1699 uirtutum
704 1665 719 1699 I
735 1666 811 1706 522,
831 1666 882 1700 14.
900 1665 977 1706 541,
996 1665 1047 1699 13.

343 1725 420 1765 557,
436 1725 489 1759 29.
506 1724 740 1759 ecclesiastica
756 1724 770 1758 I
785 1725 838 1765 27,
857 1725 907 1759 12.
923 1725 1001 1765 313,
1017 1724 1047 1759 2.

345 1784 563 1818 locutionum
590 1784 604 1818 1
627 1784 704 1825 275,
729 1785 759 1819 3.

301 1843 460 1878 Renatus
495 1844 577 1879 duos
610 1844 712 1880 libros
754 1843 854 1879 Vino.
899 1843 1050 1879 Victoris

342 1903 538 1949 Auqustino
562 1903 659 1939 misit
693 1903 708 1938 I
743 1904 820 1939 303.
851 1903 881 1937 2.
911 1903 988 1944 336,
1017 1902 1049 1937 5.

341 1964 385 1999 ad
400 1974 476 1999 eum
493 1964 581 2009 Auq.
601 1963 657 1999 lib.
676 1963 697 1998 I
718 1963 756 1998 de
771 1962 908 1999 animae
923 1963 1052 2009 oriqine

343 2022 597 2067 scripsit1349,
615 2023 666 2057 13.
680 2023 757 2062 394,
772 2023 825 2063 18,
839 2023 882 2065 cs.
896 2023 974 2063 361,
998 2022 1051 2057 29.

299 2082 482 2116 renouatio
507 2081 633 2127 incipit
658 2093 678 2116 a
705 2081 906 2116 remissione
933 2092 1053 2127 pecca-

345 2146 462 2175 torum
484 2141 500 2176 Ι
519 2143 572 2182 79,
594 2142 647 2182 23,
667 2142 710 2184 cf.
732 2142 807 2182 115,
829 2142 880 2176 16.
902 2142 978 2182 202,
999 2142 1052 2177 23.

344 2202 420 2242 214,
445 2202 497 2235 22.

299 2260 483 2305 rescripta:
502 2259 658 2294 africana
679 2259 693 2294 Ι
711 2260 788 2301 467,
806 2261 837 2295 3.
857 2259 954 2294 afric.
973 2270 1054 2294 con-

345 2319 416 2353 cilii
443 2318 479 2354 II
507 2320 581 2360 171,
610 2320 662 2354 22.
693 2319 768 2360 183,
795 2321 826 2354 4.

298 2378 402 2414 ritus:
435 2378 622 2424 multiplex
653 2378 905 2413 sacrificiorum
939 2389 1052 2413 sacro-

346 2448 494 2483 rumque
525 2437 540 2473 1
571 2439 646 2479 189,
677 2438 729 2473 16.

300 2496 431 2543 Rogati
454 2508 632 2532 successor
657 2496 673 2532 1
696 2498 773 2538 360,
800 2498 851 2532 10.

299 2556 488 2602 Rogatista
512 2556 528 2593 I
548 2557 626 2598 360,
648 2558 680 2592 4.
705 2555 912 2602 Rogatistae
937 2555 953 2591 I
973 2556 1051 2598 304,

345 2617 399 2652 26.
424 2617 502 2658 349,
528 2617 558 2652 2.
583 2617 661 2658 361,
688 2618 717 2651 1.

300 2674 431 2712 Roma:
454 2675 470 2711 I
490 2676 566 2717 139,
586 2676 639 2711 20.
676 2675 754 2717 464,
782 2675 836 2710 20.
868 2673 903 2710 ΙΙ
924 2675 999 2716 126,
1019 2675 1051 2709 2.

347 2736 422 2777 127,
441 2735 562 2777 2.168,
581 2735 611 2771 2.
631 2735 708 2776 180,
725 2736 756 2770 1.
776 2734 916 2776 182,23.
932 2734 1007 2776 183,
1019 2734 1050 2769 7.

345 2794 422 2835 254,
440 2795 471 2830 2.
494 2796 546 2830 13.

301 2850 454 2888 Romani
489 2853 699 2889 Caelestium
736 2851 869 2899 Pelagii
901 2851 1054 2898 discipu-

778 240 823 275 ll.
853 238 962 274 Index
986 237 1167 274 nominum
1190 242 1227 273 et
1252 246 1367 272 rerum

1156 355 1229 390 lum
1245 355 1333 390 bene
1350 357 1523 389 nouerant
1540 353 1576 390 ΙΙ
1593 355 1668 395 172,
1683 355 1716 390 8.
1734 352 1863 389 Roma·

1157 425 1282 449 norum
1297 414 1387 449 fides
1407 413 1442 449 11
1467 414 1542 455 172,
1565 413 1597 448 5.
1632 412 1813 448 Romanus
1846 412 1861 448 1

1156 475 1234 515 543,
1270 475 1321 509 10.
1369 483 1554 508 romanum
1594 472 1783 518 imperium
1826 472 1862 508 11

1158 534 1234 574 179,
1269 533 1320 568 15.
1358 543 1503 567 romana
1542 531 1703 567 ecclesia:
1738 531 1754 567 I
1784 532 1861 573 465,

1156 594 1188 628 8.
1221 593 1299 634 468,
1332 594 1384 628 14.
1419 591 1456 627 II
1496 593 1571 633 171,
1610 591 1663 627 28.
1699 592 1775 633 175,
1809 592 1860 628 13.

1163 652 1315 692 179,15.
1362 651 1499 686 romani
1538 651 1683 686 iuuenes
1714 650 1748 686 II
1784 651 1862 692 309,

1158 713 1211 747 10.
1244 722 1319 746 mos
1343 722 1509 746 romanus
1535 710 1550 745 I
1573 711 1650 751 449,
1673 711 1706 745 5.

1113 794 1266 830 Rufinus
1284 794 1467 840 presbyter
1483 793 1666 829 contendit
1682 793 1862 829 traducem

1157 854 1293 900 peccati
1314 864 1384 889 non
1401 865 1474 889 esse
1495 853 1530 888 II
1549 854 1689 895 168,13.
1713 853 1788 894 169,
1808 855 1861 888 11.

1111 973 1309 1008 sabbatizo:
1335 983 1354 1007 a
1378 972 1477 1007 cuius
1500 972 1663 1018 operibus
1685 972 1863 1007 abstinen-

1155 1033 1252 1073 dum,
1295 1032 1332 1067 id
1375 1035 1429 1067 est
1471 1031 1766 1067 sabbatizandum
1810 1036 1862 1066 est

1157 1092 1173 1127 I
1200 1093 1275 1133 181,
1302 1093 1354 1127 28.

1111 1152 1316 1187 sabbatum:
1360 1151 1433 1186 dies
1475 1150 1770 1185 sanctificationis
1811 1155 1862 1184 est

1158 1211 1173 1246 I
1203 1212 1277 1252 181,
1309 1212 1359 1246 10.
1389 1210 1442 1246 bis
1469 1210 1505 1245 in
1532 1209 1682 1245 sabbato
1710 1210 1863 1244 ieiunare

1158 1270 1173 1306 1
1188 1272 1241 1311 76,
1261 1270 1312 1306 15.
1329 1269 1451 1305 Iudaei
1470 1269 1658 1305 sabbatum
1674 1269 1863 1304 obseruant

1158 1330 1174 1365 I
1197 1331 1271 1371 181,
1296 1331 1346 1365 18.
1369 1333 1517 1375 excepta
1538 1329 1679 1364 sabbati
1700 1329 1864 1363 obserua-

1154 1389 1252 1425 tione
1267 1389 1409 1430 carnali,
1425 1399 1514 1434 quae
1529 1388 1721 1434 spiritalem
1737 1387 1864 1422 sancti-

1154 1449 1358 1484 ficationem
1410 1448 1635 1494 quietemque
1685 1447 1862 1493 significat

1157 1509 1173 1544 Ι
1194 1509 1270 1550 496,
1293 1509 1346 1550 25,
1367 1509 1410 1551 cl.
1431 1509 1508 1549 496,
1532 1509 1583 1543 17.
1608 1507 1643 1542 ΙΙ
1664 1508 1740 1548 276,
1762 1508 1815 1542 22.

1113 1592 1303 1628 Sabelliani
1318 1596 1454 1638 patrem
1470 1595 1505 1626 et
1520 1590 1634 1625 filium
1650 1594 1686 1625 et
1701 1590 1862 1636 spiritum

1156 1656 1318 1687 sanctum
1341 1662 1450 1686 unum
1473 1650 1693 1696 eundemque
1716 1660 1789 1684 esse
1811 1649 1863 1684 di-

1157 1717 1242 1747 cunt
1268 1710 1303 1745 II
1327 1711 1403 1752 292,
1430 1711 1481 1745 13.
1508 1710 1559 1745 15.
1585 1711 1638 1745 21.

1112 1782 1327 1818 sacerdotale
1377 1781 1626 1816 ministerium:
1689 1779 1865 1815 Ambrosii

1157 1841 1427 1877 Mediolanensis
1464 1840 1617 1886 episcopi
1655 1850 1724 1875 sac.
1763 1839 1865 1873 mini-

1158 1901 1264 1937 sterio
1286 1900 1505 1946 Augustinus
1526 1900 1705 1935 lauacrum
1729 1909 1863 1945 regene-

1159 1960 1308 1996 rationis
1331 1959 1467 2005 accepit
1494 1959 1528 1994 II
1553 1960 1629 2001 251,
1655 1960 1707 1994 13.

1115 2021 1336 2057 sacerdotum
1389 2019 1577 2065 principes:
1632 2018 1728 2053 Iesus
1779 2024 1864 2052 tunc

1159 2080 1256 2115 intus
1273 2079 1353 2121 fuit,
1369 2090 1448 2114 cum
1465 2089 1485 2113 a
1502 2077 1722 2113 sacerdotum
1739 2076 1864 2122 princi-

1162 2139 1265 2186 pibus
1290 2138 1502 2174 audiebatur
1530 2137 1565 2172 11
1593 2138 1667 2178 161,
1695 2137 1725 2171 7.

1117 2203 1375 2235 sacramentum
1401 2196 1627 2244 baptismatis
1650 2195 1864 2231 constituen-

1161 2259 1246 2294 dum
1263 2258 1333 2293 fuit
1351 2256 1593 2303 regenerandis
1607 2255 1644 2290 in
1660 2265 1757 2301 spem
1774 2253 1864 2289 salu·

1160 2318 1208 2354 tis
1229 2322 1391 2353 aeternae
1416 2316 1431 2351 I
1454 2317 1508 2358 23,
1533 2318 1562 2351 1.
1597 2314 1766 2361 baptismi
1786 2324 1864 2360 pro-

1160 2377 1252 2412 fecto
1299 2387 1444 2412 sacram.
1494 2373 1766 2421 regenerationis
1811 2376 1864 2407 est

1162 2437 1178 2472 I
1202 2438 1278 2479 114,
1302 2437 1355 2472 21.
1379 2434 1498 2481 punici
1520 2433 1710 2470 Christiani
1731 2431 1865 2478 baptis-

1159 2506 1256 2531 mum
1283 2495 1372 2530 nihil
1396 2494 1493 2529 aliud
1519 2504 1626 2540 quam
1652 2492 1802 2528 salutem
1828 2495 1865 2526 et

1159 2566 1304 2590 sacram.
1330 2553 1484 2600 corporis
1507 2551 1637 2589 Christi
1658 2550 1747 2587 nihil
1768 2549 1863 2586 aliud

1159 2625 1266 2661 quam
1285 2613 1398 2649 uitam
1417 2615 1549 2648 uocant
1569 2611 1585 2647 I
1601 2613 1658 2654 33,
1678 2611 1731 2647 17.
1750 2619 1864 2646 sacra·

1159 2673 1271 2709 menti
1294 2672 1499 2719 nuptiarum
1523 2682 1577 2707 res
1592 2674 1657 2712 est,
1673 2674 1715 2706 ut
1733 2679 1809 2704 mas
1828 2671 1865 2703 et

1159 2732 1291 2768 femina
1323 2730 1474 2767 conubio
1506 2729 1663 2777 copulati
1694 2727 1862 2775 quamdiu

1159 2792 1289 2828 uiuunt
1326 2788 1605 2837 inseparabiliter
1642 2790 1866 2835 perseuerent

1162 2850 1198 2887 II
1213 2852 1290 2893 222,
1306 2851 1359 2886 21.
1376 2851 1430 2886 24.
1447 2850 1524 2892 223,
1538 2850 1570 2885 4.
1585 2851 1670 2884 ante
1684 2846 1863 2883 Abraham
