1976 3210
266 165 323 208 50
660 175 686 211 Ι.
712 176 764 211 De
788 179 1013 222 peccatorum
1036 175 1170 212 meritis
1193 180 1230 212 et
1252 176 1453 212 remissione

269 300 605 342 aedificantib
618 313 683 351 uS‚
718 300 804 355 qui
833 300 1001 342 factus
1031 304 1104 342 est
1133 301 1184 342 in
1213 313 1304 356 cap
1316 305 1370 343 ut
1399 301 1585 356 anguli.
1633 314 1733 344 non
1762 308 1838 345 est

268 365 401 407 enim
434 365 573 407 aliud
606 378 786 407 nomen
818 365 910 407 sub
941 365 1076 408 caelo
1108 366 1284 408 datum
1315 366 1621 418 hominibus
1653 367 1705 409 in
1739 380 1836 423 quo

268 434 471 486 oportet
492 431 659 472 saluos
682 431 794 472 fieri
818 444 917 473 nos.
937 435 979 473 et
991 431 1108 473 alibi:
1130 431 1252 474 deus
1277 436 1480 486 patrum
1499 425 1668 482 <nostr
1681 429 1839 486 orum>

268 496 547 538 suscitauit
576 496 754 547 Iesum,
793 509 940 551 quem
977 509 1061 539 uos
1093 497 1429 539 interfecistis
1462 510 1479 539 s
1492 498 1837 552 uspendentes

268 562 318 603 in
348 562 497 616 ligno.
542 561 676 603 hunc
704 562 825 604 deus
856 561 1139 617 principem
1168 567 1215 604 et
1243 562 1551 605 saluatorem
1580 563 1837 605 exaltauit

266 627 426 682 gloria
464 640 482 668 s
494 640 565 678 ua,
607 627 723 669 dare
763 627 1138 682 paenitentiam
1174 627 1365 670 Israhel
1403 632 1451 670 et
1489 628 1837 670 remissionem

266 697 539 747 peccatoru
551 706 593 734 m
622 692 674 734 in
703 692 802 735 illo.
843 692 945 735 item
970 692 1049 735 alio
1073 693 1181 735 loco:
1212 693 1240 735 h
1252 693 1329 735 uic
1359 707 1381 735 o
1393 706 1529 735 mnes
1561 694 1838 749 prophetae

267 758 473 800 testimo
485 758 570 800 niu
582 771 623 800 m
659 758 928 813 perhibent
967 758 1315 801 remissionem
1359 763 1684 814 peccatorum
1715 759 1838 801 acci-

268 837 383 878 pere
416 837 501 878 per
534 837 737 866 manum
767 823 908 865 illius
941 837 1137 866 omnem
1169 824 1457 866 credentem
1487 824 1539 865 in
1570 837 1694 867 eum.
1735 826 1837 866 item

267 889 308 931 in
332 889 477 931 eodem
500 889 604 931 libro
627 889 840 944 apostolus
860 889 1032 931 Paulus:
1060 903 1087 931 n
1096 903 1118 931 o
1127 894 1145 931 t
1157 903 1236 931 um
1269 903 1349 944 erg
1358 903 1380 931 ο
1410 889 1475 931 sit
1507 903 1533 931 u
1543 903 1565 931 o
1575 889 1661 940 bis,
1685 889 1835 944 inquit,

267 955 361 996 uiri
401 955 598 1005 fratres,
642 955 883 1010 quoniam
924 968 1010 1010 per
1046 955 1180 997 hunc
1221 954 1363 997 uobis
1402 955 1628 997 remissio
1671 968 1836 1010 pecca-

267 1025 436 1062 torum
473 1020 838 1071 annuntiatur;
876 1020 935 1062 ab
972 1020 1207 1062 omnibus
1245 1020 1430 1075 quibus
1463 1033 1561 1062 non
1593 1020 1838 1075 potuistis

267 1085 318 1127 in
354 1086 458 1140 lege
488 1086 561 1127 Mo
574 1086 647 1141 ysi
683 1086 975 1136 iustificari,
997 1086 1048 1127 in
1084 1086 1174 1128 hoc
1210 1086 1372 1128 omnis
1409 1086 1551 1128 crede
1563 1099 1615 1127 ns
1651 1085 1837 1127 iustifi-

267 1155 347 1193 cat
359 1164 423 1193 ur.

372 1217 435 1259 53.
468 1217 560 1258 Hoc
584 1221 704 1258 tanto
732 1229 875 1271 aggere
893 1216 1226 1259 testimoniorum
1252 1216 1367 1258 cuius
1392 1216 1589 1258 aduersus
1615 1216 1837 1258 ueritatem

266 1282 330 1324 dei
359 1280 484 1324 elatio
511 1295 595 1324 non
620 1282 858 1337 prematur?
889 1287 930 1324 et
957 1282 1094 1324 multa
1120 1282 1288 1337 quidem
1316 1282 1398 1323 alia
1422 1281 1620 1337 repperiri
1646 1286 1835 1337 possunt,

266 1347 336 1389 sed
358 1352 399 1389 et
421 1347 592 1389 finiendi
613 1347 732 1389 huius
754 1347 886 1403 operis
907 1361 1006 1389 cura
1025 1361 1108 1390 non
1128 1347 1387 1402 neglegenter
1408 1347 1601 1389 habenda
1620 1352 1696 1389 est.
1719 1346 1770 1388 de
1791 1346 1837 1388 li-

266 1412 349 1454 bris
385 1426 548 1468 quoque
585 1413 734 1454 ueteris
769 1413 1013 1454 testamenti
1048 1413 1200 1455 multas
1237 1412 1561 1455 contestationes
1597 1411 1834 1454 diuinorum

267 1478 524 1533 eloquiorum
558 1478 752 1520 adhibere
785 1478 827 1520 in
862 1479 967 1520 hanc
1001 1478 1252 1520 sententiam
1286 1491 1639 1533 superuacaneum
1670 1476 1834 1532 putaui,

267 1544 433 1598 quando
457 1543 623 1599 quidem
645 1543 725 1585 illic
758 1544 867 1598 quod
900 1543 1132 1585 occultatur
1163 1543 1240 1585 sub
1263 1543 1496 1585 uelamento
1520 1542 1634 1585 uelut
1655 1547 1836 1584 terrena-

265 1623 357 1651 rum
380 1609 710 1664 promissionum,
735 1609 812 1651 hoc
833 1609 876 1650 in
898 1609 996 1651 noui
1018 1608 1261 1651 testamenti
1282 1608 1590 1664 praedieatione
1611 1607 1833 1649 reuelatur.

267 1680 308 1716 et
329 1675 628 1730 ipsedominus
650 1674 848 1717 librorum
869 1679 1058 1716 ueterum
1078 1674 1308 1716 utilitatem
1331 1673 1510 1715 breuiter
1531 1672 1836 1715 demonstrauit

266 1745 308 1782 et
333 1740 525 1782 definiuit
550 1740 688 1783 dicens
714 1740 943 1795 oportuisse
967 1739 1125 1795 inpleri,
1153 1752 1258 1794 quae
1282 1739 1333 1781 dc
1357 1738 1426 1781 illo
1452 1739 1607 1794 scripta
1631 1742 1769 1780 essent
1793 1737 1837 1779 in

267 1805 373 1860 Lege
395 1810 437 1847 et
449 1805 666 1861 Prophetis
680 1810 722 1847 et
736 1805 923 1856 Psalmis,
942 1810 984 1847 et
1004 1805 1105 1847 haee
1120 1805 1212 1860 ipsa
1228 1818 1326 1855 esse,
1347 1804 1471 1859 ‘quod
1494 1803 1714 1859 oportebat
1725 1802 1837 1845 Chri-

267 1876 379 1913 stum
402 1871 493 1926 pati
517 1876 559 1913 et
580 1884 787 1926 resurgere
811 1884 835 1912 a
856 1870 1030 1912 mortuis
1053 1870 1180 1912 tertia
1201 1870 1266 1912 die
1289 1874 1332 1912 et
1353 1869 1579 1925 praedicari
1602 1869 1645 1910 in
1668 1868 1835 1911 nomine

267 1936 352 1978 eius
387 1936 688 1991 paenitentiam
723 1941 764 1978 et
797 1936 1077 1978 remissionem
1110 1940 1376 1990 peccatorum
1410 1948 1482 1990 per
1516 1947 1656 1976 omnes
1690 1938 1835 1989 gentes

266 2002 559 2057 incipientibus
581 2001 633 2043 ab
655 2001 939 2044 Hierusalem‘.
963 2006 1004 2043 et
1025 2001 1173 2043 Petrus
1193 2000 1308 2051 dicit,
1331 2000 1442 2055 quod
1462 1999 1586 2055 paulo
1608 2004 1706 2041 ante
1726 2012 1836 2040 com-

268 2067 508 2118 memoraui,
522 2067 617 2110 huic
630 2081 769 2109 omnes
780 2067 1005 2122 prophetas
1019 2065 1306 2108 testimonium
1315 2065 1527 2121 perhibere
1542 2064 1835 2106 ‘remissionem

268 2138 534 2187 peccatorum
566 2133 748 2188 accipere
777 2146 849 2188 per
878 2145 1049 2174 manum
1066 2131 1151 2176 eius
1182 2144 1346 2173 omnem
1376 2131 1611 2172 credentem
1639 2129 1682 2171 in
1712 2128 1832 2171 eum‘.

358 2264 378 2297 3
393 2263 471 2297 Aet.
486 2263 518 2304 5,
533 2263 587 2297 30.
602 2263 640 2297 31
714 2262 733 2296 7
748 2262 826 2296 Act.
842 2262 896 2302 10,
912 2262 955 2296 43
1018 2262 1059 2296 10
1073 2261 1150 2296 Act.
1166 2261 1220 2302 13,
1234 2261 1289 2296 38.
1304 2259 1349 2295 39
1424 2260 1466 2295 23
1480 2259 1523 2294 of.
1539 2259 1620 2294 Luc.
1636 2259 1691 2300 24,
1705 2259 1836 2294 44—-47

267 2323 308 2356 27
334 2321 376 2356 cf.
402 2323 479 2357 Act.
507 2323 559 2364 10,
584 2322 627 2357 43

362 2425 378 2458 1
397 2422 498 2458 factis
512 2423 594 2458 Lm]
687 2423 708 2457 3
723 2424 885 2468 oporteat
897 2421 919 2455 d
1026 2431 1087 2455 nos
1100 2420 1214 2455 saluos
1229 2419 1304 2454 fieri
1316 2419 1334 2454 b
1433 2422 1632 2453 nostrorum
1641 2416 1837 2453 addidimus

267 2483 288 2517 5
301 2482 452 2517 salutare
467 2482 510 2516 M
587 2480 763 2516 exultauit
777 2480 808 2515 V
823 2479 996 2516 exaltabit
1010 2480 1041 2514 A
1112 2480 1132 2514 8
1147 2478 1245 2514 reddi
1258 2477 1443 2525 perbibent
1457 2479 1489 2513 A
1552 2479 1594 2513 10
1608 2477 1730 2524 paulos
1747 2476 1832 2511 Vm1

269 2541 368 2576 uobis
376 2541 422 2576 sit
430 2541 449 2576 b
614 2542 655 2576 15
664 2551 763 2586 agere
772 2539 976 2575 LmIKmIG
1068 2537 1271 2574 testimonisi
1279 2538 1362 2573 ΙΛηΙ
1512 2538 1552 2572 16
1560 2536 1686 2582 multa]
1694 2535 1839 2571 nullaM

270 2600 412 2647 possent
428 2600 458 2634 V
564 2602 603 2635 17
613 2603 650 2635 et
660 2600 754 2644 [spe.
857 2598 1038 2634 effiniendi
1048 2599 1127 2643 (om.
1140 2598 1235 2643 et)M
1322 2598 1366 2634 19
1375 2597 1441 2632 hac
1452 2596 1522 2631 SM
1606 2594 1781 2631 sententia
1794 2594 1836 2630 M

269 2664 489 2706 superuacua
506 2660 538 2694 A
594 2658 716 2706 potaui
732 2659 814 2693 Lm]
872 2659 914 2694 20
928 2658 965 2693 in
979 2657 1045 2692 illis
1058 2658 1086 2692 L
1099 2657 1150 2702 (in
1165 2656 1301 2700 s.z.m2)‚
1313 2657 1335 2691 d
1349 2655 1414 2691 illis
1427 2654 1550 2691 SVPG
1609 2656 1649 2690 21
1666 2654 1703 2689 in
1716 2654 1782 2689 hoc
1792 2653 1835 2688 M

271 2720 313 2754 26
324 2730 385 2765 per
395 2729 514 2754 omnes
525 2715 644 2765 gen'tae
655 2719 811 2754 om.Gm1
921 2718 961 2753 27
973 2716 1087 2752 ierslm
1099 2717 1132 2751 A
1140 2716 1239 2752 ierlm
1249 2715 1278 2751 C
1287 2715 1506 2762 hyemsalem
1516 2714 1560 2749 M
1568 2712 1807 2758 hierosolymis
1817 2712 1836 2747 b

270 2778 376 2825 paulo
397 2789 424 2814 s.
447 2778 556 2814 [ΟΜΖ
646 2779 688 2814 28
710 2778 900 2824 prophetae
922 2776 1059 2812 KmIM
1061 2776 1080 2811 b
1169 2774 1355 2822 perhibent
1373 2773 1411 2809 in
1430 2772 1666 2809 remissionem
1686 2772 1730 2807 M

1868 901 1907 930 1⁰

1867 1227 1904 1257 15

1865 1554 1906 1583 20

1863 1880 1904 1909 25
