2028 3204
764 213 850 250 liber
883 213 932 249 IV
961 213 993 257 6,
1023 214 1119 256 7-7,
1157 215 1198 249 10
1686 204 1773 248 389

194 344 259 383 est
278 351 355 382 nec
373 351 530 384 recens.
555 351 607 382 ne
627 338 670 382 id
692 337 862 395 quidem
881 336 980 390 scio,
1002 343 1147 381 utrum
1166 337 1209 380 id
1230 337 1391 381 scierim
1413 337 1654 394 oblitusque
1676 338 1767 390 sim,

195 418 249 449 an
268 418 368 449 uero
386 416 463 448 nec
487 410 591 448 tunc
615 404 784 461 quando
808 403 971 447 factum
995 409 1060 447 est
1083 403 1125 446 id
1150 403 1303 447 sentire
1329 418 1377 447 ac
1400 418 1521 448 nosse
1545 404 1768 460 potuerim.

302 469 400 514 VII.
423 469 462 514 9.
486 470 594 514 Ecoc
615 470 756 522 modo,
775 470 902 514 modo
924 470 1026 513 dum
1049 484 1206 517 sumus,
1230 470 1332 513 dum
1356 470 1550 520 uiuimus,
1571 471 1673 514 dum
1696 485 1771 516 nos

195 536 336 581 uiuere
353 535 520 583 scimus,
542 537 644 580 dum
662 535 901 580 meminisse
923 549 999 579 nos
1024 541 1067 578 et
1092 535 1330 591 intellegere
1354 542 1397 579 et
1422 536 1526 579 uelle
1552 536 1771 579 certissimi

195 617 352 656 sumus,
383 603 455 659 qui
483 617 558 646 nos
586 609 763 647 naturae
790 608 958 647 nostrae
985 616 1161 658 magnos
1191 602 1422 659 cognitores
1452 617 1539 649 esse
1568 603 1774 646 iactamus

196 669 295 726 quid
322 668 463 712 ualeat
487 669 689 712 memoria
714 674 859 712 nostra
884 668 951 712 uel
976 668 1260 725 intellegentia
1287 668 1353 711 uel
1378 668 1576 712 uoluntas
1604 668 1773 712 omnino

195 735 414 781 nescimus
462 735 620 779 amicus
653 734 825 791 quidam
855 748 972 778 meus
1004 734 1088 777 iam
1121 735 1216 778 inde
1249 734 1303 777 ab
1335 734 1632 786 adulescentia,
1670 736 1774 778 Sim-

196 800 341 857 plicius
362 801 542 852 nomine,
563 801 688 845 homo
710 800 947 844 excellentis
967 800 1252 856 mirabilisque
1272 801 1509 851 memoriae,
1533 815 1627 844 cum
1649 801 1775 843 inter-

195 872 365 923 rogatus
387 872 497 910 esset
517 881 543 910 a
562 867 694 918 nobis,
719 880 822 923 quos
844 880 986 909 uersus
1008 866 1210 922 Vergilius
1233 866 1274 908 in
1298 866 1489 909 omnibus
1512 866 1624 909 libris
1647 881 1774 922 supra

196 932 366 976 ultimos
387 932 554 983 dixerit,
578 933 776 976 continuo
800 932 986 976 celeriter
1005 932 1327 989 memoriterque
1348 932 1576 987 respondit.
1617 933 1778 988 quaesi-

196 998 333 1041 uimus
357 998 486 1042 etiam
510 999 740 1055 superiores
765 1004 814 1042 ut
836 998 1013 1041 diceret:
1039 997 1159 1041 dixit.
1194 1003 1237 1041 et
1262 998 1512 1041 credidimus
1537 1012 1632 1041 eum
1657 1012 1776 1054 posse

195 1069 400 1108 retrorsus
428 1064 603 1108 recitare
633 1064 880 1121 Vergilium3
920 1064 972 1107 de
1004 1078 1267 1120 quocumque
1298 1064 1387 1107 loco
1418 1064 1637 1115 uoluimus,
1671 1064 1777 1119 peti·

195 1130 333 1174 uimus
357 1135 407 1173 ut
431 1130 605 1173 faceret:
631 1130 745 1174 fecit.
781 1144 904 1187 prosa
929 1130 1057 1173 etiam
1082 1130 1133 1173 de
1161 1143 1423 1186 quacumque
1450 1130 1635 1173 oratione
1662 1130 1772 1174 Cice-

194 1195 319 1247 ronis,
354 1209 481 1252 quam
510 1197 734 1240 memoriae
766 1196 1149 1246 commendauerat,
1181 1196 1223 1238 id
1255 1210 1350 1238 eum
1381 1196 1515 1239 facere
1546 1196 1772 1239 uoluimus:

199 1267 406 1318 quantum
429 1262 637 1306 uoluimus
662 1276 826 1305 sursum
850 1276 992 1305 uersus
1018 1267 1184 1308 secutus
1209 1267 1285 1304 est.
1327 1275 1422 1304 cum
1446 1261 1774 1312 ammiraremur,

197 1332 378 1371 testatus
406 1334 470 1371 est
497 1328 622 1371 deum
648 1327 824 1373 nescisse
851 1341 894 1370 se
920 1328 1000 1370 hoc
1026 1341 1145 1383 posse
1173 1333 1271 1370 ante
1299 1327 1401 1370 illud
1428 1328 1773 1383 experimentum.

197 1393 271 1440 ita.
302 1399 509 1449 quantum
535 1394 589 1437 ad
614 1394 859 1437 memoriam
885 1394 1082 1449 pertinet,
1119 1398 1222 1436 tunc
1257 1408 1299 1436 se
1326 1393 1413 1438 eius
1441 1394 1603 1438 animus
1631 1393 1778 1436 didicit

198 1464 254 1511 et,
270 1459 618 1516 quandocumque
635 1460 826 1511 disceret,
838 1459 917 1505 nisi
934 1459 1183 1515 temptando
1202 1466 1244 1502 et
1261 1459 1510 1516 experiendo
1521 1472 1603 1501 non
1617 1464 1777 1515 posset;

198 1530 242 1568 et
251 1525 397 1582 utique
411 1531 641 1581 antequam
656 1530 898 1581 temptaret,
910 1525 1021 1568 idem
1032 1526 1118 1581 ipse
1133 1531 1242 1569 erat:
1258 1539 1331 1568 cur
1345 1539 1386 1568 se
1398 1524 1523 1580 igitur
1537 1525 1780 1568 nesciebat?

290 1591 351 1634 10.
386 1591 515 1647 Saepe
536 1606 610 1637 nos
631 1591 933 1647 praesumimus
954 1591 1113 1647 aliquid
1132 1591 1335 1635 memoria
1360 1596 1597 1634 retenturos
1620 1596 1661 1633 et
1683 1604 1778 1633 cum

199 1657 239 1699 id
269 1662 481 1713 putamus,
520 1670 604 1700 non
633 1657 850 1700 scribimus
890 1670 966 1699 nec
994 1656 1113 1699 nobis
1142 1661 1288 1713 postea
1316 1670 1411 1699 cum
1439 1656 1631 1699 uolumus
1662 1656 1777 1699 uenit

198 1722 242 1766 in
254 1728 440 1766 mentem
455 1736 613 1779 nosque
630 1723 818 1779 paenitet
834 1722 1054 1769 credidisse
1071 1728 1296 1766 uenturum
1311 1736 1387 1766 nec
1404 1722 1554 1766 litteris
1571 1722 1775 1777 inligasse,

197 1802 250 1833 ne
268 1788 449 1845 fugeret;
470 1794 513 1832 et
531 1789 670 1832 subito
688 1803 843 1840 rursus,
864 1802 960 1832 cum
978 1788 1021 1831 id
1039 1802 1123 1832 non
1145 1802 1406 1845 quaeramus,
1429 1788 1626 1831 occurrit:
1660 1801 1778 1831 num-

201 1853 300 1909 quid
316 1868 391 1897 nos
407 1867 491 1897 non
508 1868 684 1903 eramuS,
705 1855 872 1911 quando
889 1855 931 1897 id
949 1854 1267 1910 cogitabamus?
1287 1868 1361 1897 nec
1379 1860 1520 1897 tamen
1538 1854 1615 1896 hoc
1632 1867 1775 1896 sumus

202 1919 314 1976 quod
330 1920 498 1972 fuimus,
520 1921 688 1976 quando
706 1920 748 1963 id
767 1920 948 1976 cogitare
966 1933 1049 1963 non
1068 1933 1301 1975 possumus.
1337 1920 1436 1976 quid
1454 1925 1518 1962 est
1536 1933 1644 1975 ergo,
1666 1919 1777 1974 quod

199 1986 337 2029 nescio
376 1986 584 2042 quomodo
621 1986 908 2029 subtrahimur
944 1999 1227 2042 negamurque
1263 1985 1382 2028 nobis
1420 1985 1604 2040 itemque
1640 1985 1778 2027 nescio

306 2117 320 2150 1
340 2115 399 2162 ne]
418 2127 481 2151 nec
493 2116 527 2150 H
622 2118 706 2151 utru
717 2116 749 2150 A
847 2115 969 2151 scirem
982 2115 1013 2150 Ε
1130 2126 1205 2151 sum
1219 2115 1254 2150 H
1363 2115 1383 2149 2
1401 2114 1516 2162 nosse]
1532 2125 1602 2150 non
1628 2125 1727 2158 posse
1740 2114 1775 2149 Il

204 2175 226 2210 3
252 2175 311 2211 alt.
340 2175 445 2211 niodo
472 2174 733 2211 omssDEHTb
823 2174 901 2222 nos]
919 2185 989 2210 non
1012 2175 1043 2209 A
1132 2177 1153 2210 4
1178 2174 1334 2210 intellere
1347 2175 1378 2209 A
1466 2175 1488 2210 5
1513 2177 1654 2210 nostrae
1672 2176 1773 2210 omA

205 2234 444 2280 cognituresC'
506 2236 524 2270 7
543 2234 692 2270 escimus
704 2235 736 2269 A
804 2235 850 2270 ab
867 2234 1048 2270 oliscentia
1061 2235 1089 2270 0
1156 2234 1316 2280 simplius
1329 2235 1359 2269 Ε
1425 2234 1446 2268 9
1463 2233 1622 2280 uirgilius
1638 2233 1777 2269 lfflde

204 2305 310 2340 supra
322 2295 357 2330 H
373 2295 427 2341 (ra.
444 2304 470 2331 s.
483 2295 522 2340 l.)
626 2296 663 2330 11
684 2294 858 2331 credimus
879 2293 966 2330 ABI
973 2293 1023 2330 Tb
1109 2294 1149 2330 12
1167 2297 1355 2330 retrorsum
1377 2294 1510 2329 EHlbd
1594 2293 1774 2339 uirgilinrn

209 2353 382 2391 BCEde
419 2355 583 2391 uolumus
594 2356 626 2390 A
669 2355 709 2391 13
720 2354 785 2390 feci
797 2356 829 2389 A
870 2364 1009 2400 prosam
1020 2353 1040 2388 Ι
1047 2353 1096 2389 Tb
1105 2353 1150 2390 de
1160 2364 1263 2400 prosa
1275 2354 1334 2389 Hd
1363 2353 1502 2390 ratione
1514 2354 1544 2388 E
1582 2353 1732 2388 ciceroni
1745 2355 1777 2388 Α

208 2415 250 2450 14
267 2414 399 2450 mariae
411 2415 441 2450 Ο
518 2414 680 2450 uolumus
695 2414 726 2448 Β
811 2413 853 2448 15
870 2414 1030 2460 sequitus
1040 2412 1074 2448 A
1089 2418 1261 2461 sequutus
1271 2415 1302 2449 Ε
1376 2413 1645 2449 ammiremurE
1662 2412 1776 2448 admi-

206 2484 364 2509 raremur
374 2474 410 2509 H
425 2473 465 2520 (d
476 2483 502 2510 ε.
514 2473 553 2520 1.)
610 2474 651 2509 16
668 2474 773 2510 deum
783 2475 887 2510 om.A
904 2474 1088 2510 dominum
1099 2474 1132 2509 E
1176 2474 1243 2510 hoc
1258 2472 1408 2509 nescisse
1425 2485 1460 2510 se
1472 2474 1503 2508 E
1534 2472 1732 2508 neseississe
1744 2474 1776 2507 A

208 2534 248 2570 17
267 2533 448 2579 pertinent
458 2534 492 2569 A
507 2533 641 2570 attinet
650 2534 722 2570 ΟΜ
782 2533 923 2570 animus
940 2533 1014 2570 eius
1024 2534 1056 2569 Ε
1109 2532 1141 2569 ei
1155 2532 1186 2567 B
1242 2534 1283 2570 18
1293 2533 1425 2569 discere
1437 2533 1500 2568 Ibd
1547 2531 1732 2567 temtando
1744 2533 1777 2566 A

205 2595 244 2630 et
258 2593 361 2629 mT
430 2594 614 2640 possentA
683 2594 725 2630 19
742 2594 956 2630 temtaretA
1020 2593 1180 2629 nestibat
1191 2593 1224 2628 A
1294 2594 1336 2628 20
1354 2604 1425 2628 non
1437 2593 1466 2628 Ο
1532 2595 1732 2627 recenturos
1744 2591 1776 2625 A

207 2652 249 2689 21
261 2652 365 2690 uobis
378 2651 410 2687 B
453 2654 497 2691 22
513 2653 661 2702 nosque]
670 2663 785 2700 neque
796 2654 829 2689 A
875 2653 1037 2699 penitent
1047 2654 1080 2689 A
1125 2653 1204 2701 nec]
1214 2652 1270 2689 uel
1283 2651 1397 2688 BCEI
1404 2652 1477 2687 de
1520 2662 1591 2686 non
1610 2650 1733 2695 ligasse
1748 2650 1778 2685 Τ

207 2723 279 2748 non
287 2711 438 2759 illigasse
449 2713 490 2750 bd
533 2712 722 2760 inligansse
734 2713 767 2748 A
813 2713 856 2749 23
866 2712 1063 2761 fugetretA
1107 2715 1187 2749 urile
1195 2711 1370 2760 numquid
1382 2722 1456 2757 exp.
1469 2722 1532 2746 nos
1545 2711 1573 2746 C
1619 2711 1659 2746 24
1670 2720 1777 2745 noue·

207 2772 370 2809 ramnum
467 2773 611 2820 quando
627 2783 654 2809 ε.
674 2784 749 2819 exp.
768 2783 849 2809 cum
869 2773 889 2808 1
1004 2771 1043 2808 id
1060 2783 1123 2809 om.
1136 2772 1205 2808 ΕΗ
1313 2771 1556 2818 adcogitamus
1574 2771 1652 2814 (om.
1672 2768 1724 2814 id)
1745 2769 1777 2803 A

208 2831 252 2867 26
267 2832 445 2870 nescimus
457 2831 593 2870 BGEIb
608 2844 680 2869 non
695 2832 859 2870 sumusT
931 2832 1150 2869 subtraimur
1160 2832 1180 2867 l
1246 2830 1368 2878 itaque
1379 2831 1397 2865 b
