2028 3204
299 199 379 243 598

344 324 398 358 nis
409 328 462 360 est
473 324 487 358 Ι
499 327 573 367 114,
584 326 636 361 21.
647 337 707 371 per
718 327 935 373 baptismum
948 330 1056 365 morti

343 383 473 418 Christi
489 385 756 421 conformantur
769 386 925 422 infantes
946 388 959 422 1
979 389 1053 432 115,

343 445 373 478 4.
414 444 580 488 paruulos
605 444 680 479 sine
705 445 885 492 baptismo
911 447 954 482 de
981 460 1053 483 cor·

342 513 423 548 pore
455 508 624 539 exeuntes
656 504 694 539 in
725 505 956 542 damnatione
989 508 1053 542 mi-

340 562 479 596 tissima
501 562 640 598 futuros
666 563 681 598 I
704 565 758 607 20,
782 566 836 601 20.
872 566 1051 613 baptismo

338 621 497 656 omnium
518 626 744 668 peccatorum
767 625 871 670 plena
892 626 1051 662 remissio

339 681 394 722 fit,
418 681 572 718 hominis
594 694 677 718 uero
702 684 856 729 qualitas
878 697 950 720 non
972 689 1051 721 tota

337 740 508 776 continuo
532 746 696 778 mutatur
723 743 739 777 Ι
766 744 841 786 115,
865 746 917 780 19.
944 746 1050 791 puni-

336 800 367 834 ci
407 801 598 837 Christiani
638 802 856 848 baptismum
898 805 1047 840 salutem

337 864 469 895 uocant
489 860 504 894 I
523 863 578 904 33,
598 863 650 897 17.
684 862 869 908 baptizato
887 865 1047 910 paruulo,

335 920 364 955 si
387 920 432 954 ad
457 921 648 957 rationales
671 932 783 958 annos
807 923 952 959 ueniens
976 936 1047 959 non

334 979 458 1022 credit,
490 980 580 1015 nihil
611 982 755 1027 prodest
787 984 883 1028 quod
915 995 1046 1029 paruus

334 1039 472 1084 accepit
492 1039 506 1073 I
526 1040 579 1083 25,
598 1041 630 1076 5.
662 1052 764 1076 nemo
784 1042 830 1077 fit
846 1043 1044 1078 membrum

332 1098 463 1134 Christi
473 1099 542 1133 nisi
552 1104 616 1135 aut
627 1100 844 1146 baptismate
856 1102 893 1137 in
906 1103 1043 1138 Christo

331 1161 396 1192 aut
428 1162 542 1194 morte
576 1171 638 1205 pro
673 1160 812 1195 Christo
849 1161 865 1196 Ι
897 1163 975 1205 311,
1009 1164 1040 1198 8.

330 1218 469 1263 paruuli
491 1230 552 1264 per
574 1219 793 1265 baptismum
817 1221 947 1257 Christi
969 1233 1041 1256 cor-

330 1277 406 1323 pori
434 1278 616 1313 sociantur
645 1278 660 1312 Ι
691 1281 765 1322 133,
796 1280 849 1316 25.
880 1283 956 1323 134,
985 1283 1039 1317 20.

330 1337 510 1382 baptisma
544 1338 702 1384 paruulis
737 1350 809 1374 non
844 1341 958 1376 solum
994 1342 1039 1376 ad

329 1407 474 1441 regnum
488 1398 557 1440 dei,
570 1409 692 1433 uerum
707 1399 816 1433 etiam
830 1401 875 1435 ad
889 1401 1038 1436 salutem

328 1456 513 1502 uitamque
541 1461 721 1493 aeternam
750 1459 827 1493 dari
857 1459 872 1494 I
900 1461 954 1502 71,
983 1462 1037 1496 11.

325 1516 443 1551 abluit
470 1517 613 1562 quidem
643 1517 763 1552 omnia
791 1522 948 1564 peccata,
976 1521 1037 1556 sed

325 1587 396 1610 non
435 1576 552 1612 aufert
588 1577 853 1621 infirmitatem,
893 1579 950 1614 cui
986 1591 1038 1615 re-

324 1638 511 1680 generatus
554 1636 689 1671 resistit
733 1636 748 1671 I
791 1639 869 1679 490,
911 1640 943 1674 3.
999 1639 1037 1673 in

324 1694 502 1740 baptismo
536 1695 582 1730 fit
613 1699 693 1730 tota
726 1697 883 1732 remissio
916 1709 1036 1743 pecca-

323 1758 453 1797 torum,
480 1766 552 1790 non
578 1758 657 1790 tota
682 1756 791 1791 etiam
819 1757 974 1792 hominis
998 1758 1036 1792 in

322 1818 503 1849 aeternam
517 1814 716 1850 nouitatem
731 1816 886 1851 mutatio
903 1816 918 1850 Ι
932 1818 987 1859 80,
1002 1818 1032 1852 9.

322 1874 522 1919 baptismus
541 1874 655 1910 ualere
682 1875 799 1921 coepit
823 1876 869 1910 ad
885 1876 1034 1911 innoua-

320 1934 455 1969 tionem
480 1934 635 1969 hominis
661 1934 696 1969 ΙΙ
722 1936 799 1977 277,
826 1937 856 1970 2.
896 1936 1034 1971 animas

319 2005 391 2029 non
407 1993 536 2028 liberat
553 1993 628 2029 siue
647 1994 691 2029 ab
710 1994 940 2040 originalibus
958 1995 1033 2030 siue

317 2064 341 2088 a
366 2053 519 2099 propriis
545 2053 702 2099 peccatis
728 2054 797 2089 nisi
822 2054 861 2089 in
887 2054 1033 2090 ecclesia

319 2113 450 2148 Christi
468 2113 669 2159 baptismus
689 2113 820 2148 Christi
841 2113 857 2149 Ι
876 2115 954 2156 316,
976 2115 1028 2150 16.

318 2183 390 2208 non
437 2175 580 2207 tantum
627 2173 736 2215 carni,
782 2174 843 2208 sed
889 2173 1029 2209 animae

316 2243 458 2278 quoque
498 2232 649 2267 infantis
690 2232 912 2267 mortiferum
954 2244 1028 2269 esse

315 2291 392 2327 sine
418 2291 517 2337 bapt.
539 2291 633 2328 exire
653 2291 696 2326 de
717 2291 795 2326 uita
823 2291 839 2326 Ι
863 2293 939 2335 136,
969 2294 1020 2328 17.

317 2352 393 2394 137,
424 2351 477 2386 20.
519 2350 558 2385 in
587 2353 709 2386 sancto
739 2351 918 2397 baptismo
948 2352 1027 2387 uni-

315 2421 418 2446 uersa
429 2409 566 2445 dimitti
579 2410 771 2456 praeterita
783 2410 906 2446 debita
921 2402 1024 2454 1114,

315 2470 346 2505 9.
390 2472 530 2516 praeter
559 2469 779 2516 baptismum
810 2470 942 2505 nullam
971 2470 1025 2505 in-

313 2529 473 2565 fantibus
491 2528 641 2565 salutem
659 2531 840 2565 aeternam
860 2529 876 2564 I
893 2531 949 2572 33,
968 2531 1022 2566 13.

312 2600 375 2634 per
425 2588 646 2635 baptismum
696 2591 892 2624 euacuatur
942 2600 1022 2625 caro

312 2648 449 2694 peccati
463 2648 480 2683 1
493 2649 547 2691 70,
562 2650 593 2684 7.
620 2649 676 2684 lex
689 2648 826 2695 peccati
836 2648 874 2683 in
886 2648 1022 2694 baptis-

311 2718 369 2743 mo
387 2718 459 2743 non
476 2707 619 2755 penitus
627 2707 853 2754 extinguitur
864 2707 946 2750 170,
966 2709 1019 2743 14.

266 2766 426 2813 baptizo:
439 2765 807 2814 ecclesiastica'regula
819 2767 1020 2813 baptizatos

307 2826 463 2862 infantes
491 2837 637 2862 numero
666 2826 828 2862 fidelium
856 2826 1021 2872 adiungit

790 210 836 245 II.
866 210 979 247 Index
1000 213 1182 249 nominum
1207 218 1244 251 et
1268 226 1395 253 rerum.

1176 331 1191 367 1
1211 333 1265 375 27,
1287 335 1339 369 12.
1359 335 1415 378 63,
1433 337 1466 372 3.
1488 338 1563 380 131,
1584 339 1614 374 2.
1646 339 1739 376 sicut
1753 341 1800 377 de
1818 342 1884 377 cir-

1172 392 1326 429 cumciso
1349 398 1455 431 natus
1476 396 1779 436 circumcidendus
1800 401 1882 444 fuit,

1170 451 1220 486 sic
1243 452 1286 488 de
1310 453 1494 500 baptizato
1516 460 1623 493 natus
1645 458 1882 506 baptizandus

1171 515 1225 546 est
1252 511 1267 548 I
1292 514 1367 556 112,
1391 515 1423 550 8.
1461 519 1582 551 utrum
1605 522 1688 554 ante
1711 522 1878 555 octauum

1170 571 1265 606 diem
1290 572 1464 619 baptizari
1486 575 1591 612 liceat
1616 577 1633 612 I
1654 578 1732 621 546,
1757 580 1787 614 7.

1128 654 1327 690 Barnabam
1354 656 1577 703 baptizatum
1602 671 1676 697 esse
1700 672 1771 697 non
1796 662 1879 709 legi—

1170 724 1248 749 mus
1279 715 1295 750 1
1323 717 1402 759 369,
1432 718 1485 753 25.

1124 773 1269 809 basilica
1293 775 1466 811 Maiorum
1493 777 1529 813 II
1554 780 1609 822 79,
1635 781 1664 815 1.

1123 845 1322 881 benedictio
1362 847 1630 885 fecundatarum
1670 852 1874 898 nuptiarum

1169 904 1205 939 II
1226 906 1302 948 198,
1323 907 1376 942 25.
1399 909 1475 951 236,
1498 911 1549 945 12.
1572 910 1648 953 265,
1670 912 1722 947 18.
1744 912 1820 954 296,
1842 915 1873 948 4.

1122 989 1326 1025 Bonifacius
1358 1002 1452 1037 papa
1484 993 1530 1027 ad
1564 1004 1668 1038 quem
1703 1000 1874 1040 quattuor

1164 1048 1243 1084 libri
1267 1054 1391 1086 contra
1413 1051 1501 1087 duas
1524 1052 1693 1098 epistulas
1717 1055 1873 1101 Pelagia-

1163 1119 1288 1143 norum
1313 1110 1437 1156 scripti
1458 1115 1543 1147 sunt
1568 1112 1584 1147 Ι
1606 1113 1683 1155 423,
1707 1115 1739 1149 4.

1118 1179 1260 1215 bonitas
1285 1182 1490 1227 nuptiarum
1519 1183 1554 1217 ΙΙ
1579 1185 1655 1226 212,
1683 1186 1735 1220 14.

1116 1251 1248 1286 bonum
1283 1253 1450 1299 coniugii,
1483 1265 1544 1300 per
1577 1256 1671 1300 quod
1706 1256 1870 1292 ordinata

1159 1311 1327 1348 societate
1357 1313 1514 1348 nascitur
1542 1314 1645 1350 homo
1678 1314 1693 1350 I
1722 1315 1777 1357 56,
1817 1318 1869 1352 10.

1160 1371 1253 1407 bona
1277 1372 1453 1418 nuptialia
1479 1373 1514 1408 II
1540 1375 1615 1416 236,
1641 1375 1672 1410 8.

1114 1490 1324 1525 Caelestiani
1355 1495 1390 1526 et
1424 1492 1618 1538 Pelagiani:
1655 1493 1690 1528 II
1723 1495 1799 1535 260,
1834 1496 1865 1530 9.

1161 1551 1212 1585 13.
1255 1551 1307 1586 23.
1350 1552 1426 1594 267,
1468 1553 1519 1587 19.
1564 1552 1804 1588 Caelestianus
1829 1559 1864 1589 et

1158 1610 1368 1655 Pelagianus
1395 1610 1430 1645 II
1456 1611 1532 1654 259,
1558 1614 1589 1647 4.
1618 1613 1694 1654 260,
1720 1614 1751 1648 2.
1778 1615 1808 1648 7.

1111 1693 1317 1729 Caelestius:
1340 1694 1488 1730 damnat
1509 1706 1599 1741 quae
1620 1695 1652 1731 ei
1672 1707 1693 1730 a
1714 1697 1862 1732 Paulino

1154 1753 1293 1788 obieeta
1310 1757 1393 1788 sunt
1413 1753 1427 1787 Ι
1445 1755 1522 1796 466,
1541 1756 1599 1796 20;
1616 1756 1660 1799 cf.
1680 1755 1695 1790 Ι
1712 1757 1789 1797 430,
1807 1757 1860 1792 22.

1153 1813 1231 1854 464,
1252 1814 1282 1848 2.
1303 1814 1334 1848 6.
1356 1813 1432 1854 465,
1453 1815 1484 1849 8.
1508 1815 1559 1849 16.
1583 1815 1634 1849 19.
1656 1816 1708 1850 22.
1730 1816 1807 1857 466,
1830 1818 1859 1851 1.

1153 1873 1184 1907 3.
1203 1873 1254 1907 17.
1271 1873 1349 1914 468,
1364 1874 1396 1908 3.
1415 1874 1466 1908 10.
1485 1874 1536 1908 16.
1563 1873 1724 1909 Caelestii
1746 1875 1861 1910 soclus

1151 1932 1332 1967 iudicatus
1347 1932 1510 1978 Pelagius
1524 1932 1647 1975 11179,
1660 1934 1713 1970 10.
1726 1934 1861 1980 Pelagii

1151 1991 1347 2037 discipulus
1368 1991 1385 2026 I
1395 1993 1473 2034 470,
1497 1993 1528 2028 7.
1540 1992 1720 2028 subtrahit
1730 2005 1766 2029 se
1776 2005 1856 2029 exa-

1149 2051 1237 2086 mini
1250 2051 1352 2093 1465,
1370 2051 1402 2086 5.
1415 2051 1506 2087 Cael.
1518 2052 1684 2087 uoluntas
1694 2054 1857 2088 emenda-

1149 2110 1258 2146 tionis
1284 2111 1483 2157 adprobata
1509 2115 1564 2147 est
1592 2111 1609 2147 I
1635 2113 1713 2155 464,
1741 2113 1772 2148 9.
1813 2113 1856 2148 de

1148 2171 1294 2206 traduce
1336 2170 1473 2217 peccati
1513 2181 1550 2206 se
1591 2171 1739 2207 dubium
1781 2183 1856 2208 esse

1146 2230 1236 2265 dicit
1257 2229 1294 2265 II
1316 2230 1392 2272 168,
1414 2231 1445 2266 8.
1470 2231 1522 2266 12.
1546 2230 1599 2266 15.
1623 2232 1676 2266 17.
1700 2231 1776 2274 169,
1800 2233 1853 2267 11.

1147 2291 1223 2333 170,
1253 2291 1306 2325 14.
1338 2290 1413 2332 184,
1443 2290 1496 2325 24.
1537 2289 1576 2324 in
1602 2289 1719 2326 libello
1747 2301 1852 2337 quem

1145 2348 1279 2385 Romae
1295 2349 1396 2384 dedit
1409 2348 1518 2385 fidem
1536 2360 1636 2384 suam
1652 2360 1674 2384 a
1689 2349 1853 2386 trinitate

1143 2409 1248 2444 unius
1265 2408 1426 2444 deitatis.
1441 2435 1449 2443 .
1463 2436 1471 2443 .
1494 2408 1650 2455 explicat
1668 2408 1705 2444 11
1723 2409 1799 2451 185,
1817 2410 1849 2445 6.

1142 2469 1239 2515 apud
1275 2467 1524 2514 Carthaginem
1559 2467 1598 2503 in
1632 2467 1749 2504 libello
1785 2479 1849 2504 suo

1141 2527 1420 2574 redemptionem
1432 2527 1610 2563 confessus
1621 2530 1675 2563 est
1685 2527 1849 2574 paruulo-

1141 2598 1218 2623 rum
1254 2586 1290 2623 ΙΙ
1324 2588 1399 2629 181,
1433 2588 1486 2623 17.
1533 2586 1649 2622 noluit
1679 2587 1847 2623 damnare

1139 2646 1345 2689 sententias,
1373 2657 1461 2692 quas
1487 2645 1649 2692 Pelagius
1674 2645 1749 2682 sine
1775 2646 1848 2682 ulla

1139 2706 1391 2742 retractatione
1415 2705 1602 2741 damnauit
1627 2704 1663 2740 II
1688 2705 1764 2748 173,
1791 2705 1844 2741 19.

1139 2765 1216 2808 175,
1244 2766 1276 2801 6.
1316 2764 1459 2801 liberior
1484 2775 1592 2811 quam
1620 2763 1781 2811 Pelagius
1806 2764 1844 2800 in

1138 2824 1366 2872 baptismatis
1395 2835 1499 2860 sensu
1531 2823 1568 2859 II
1600 2824 1676 2866 173,
1708 2823 1767 2866 15;
1798 2824 1844 2868 cl.
