1976 3210
261 210 339 253 134
654 222 679 258 I.
707 223 758 258 De
784 227 1009 270 peccatorum
1032 225 1167 261 meritis
1190 229 1228 261 et
1251 226 1452 262 remissione

265 346 363 401 quia
392 346 461 389 illa
490 352 606 390 aetas
635 348 795 390 nullum
816 349 858 391 in
883 349 972 392 uita
995 350 1162 405 propria
1185 352 1427 394 contrahere
1449 351 1600 406 potuit,
1625 357 1755 395 restat
1780 352 1839 395 in-

265 412 454 467 tellegere
480 412 558 464 uel,
583 414 617 454 si
641 414 718 456 hoc
743 415 928 457 nondum
953 429 1184 471 possumus,
1210 416 1349 460 saltim
1373 418 1536 460 credere
1561 418 1723 461 trahere
1746 432 1838 473 par-

264 478 383 520 uulos
413 478 610 533 originale
639 485 870 535 peccatum.

370 557 404 598 8.
424 556 482 597 Ac
500 570 573 612 per
588 558 666 600 hoc
683 558 717 600 si
734 558 918 613 ambigui
935 558 1091 614 aliquid
1108 559 1265 602 habent
1284 560 1411 602 uerba
1428 560 1668 615 apostolica,
1687 561 1837 615 quibus

263 621 383 663 dicit:
412 635 497 676 per
522 635 677 666 unum
701 624 953 668 hominem
981 630 1245 679 peccatum
1270 626 1491 669 intrauit
1514 626 1565 669 in
1590 626 1834 670 mundum

262 691 309 728 et
330 701 414 742 per
433 694 698 742 peccatum
716 702 845 731 mors
862 694 909 732 et
926 690 998 732 ita
1014 691 1065 734 in
1082 703 1253 735 omnes
1270 691 1498 734 homines
1518 691 1832 746 pertransiit,

262 758 519 808 possuntque
543 754 584 796 in
605 755 728 797 aliam
745 755 841 797 duci
855 756 1151 811 transferrique
1170 757 1433 808 sententiam,
1451 757 1655 812 numquid
1672 761 1714 799 et
1735 757 1835 799 illud

262 819 505 873 ambiguum
526 825 606 863 est:
636 821 731 863 nisi
762 822 874 876 quis
899 826 1108 865 renatus
1135 822 1291 864 fuerit
1317 836 1376 864 ex
1403 836 1535 878 aqua
1561 828 1608 865 et
1633 823 1833 878 spiritu,

262 898 358 928 non
378 891 546 940 potest
563 887 783 928 introire
804 888 853 929 in
872 900 1079 942 regnum
1097 888 1415 943 dei?numquid
1430 894 1471 930 et
1487 888 1605 930 illud:
1632 888 1833 930 uocabis

262 964 441 995 nomen
484 953 590 994 eius
628 953 785 1003 Iesus;
828 953 935 1008 ipse
977 954 1108 996 enim
1150 954 1349 996 saluum
1387 954 1544 996 faciet
1588 954 1833 1009 populum

260 1031 407 1059 suum
452 1031 476 1059 a
518 1019 738 1073 peccatis
782 1019 977 1061 eorum?
1018 1020 1221 1074 numquid
1268 1020 1393 1062 etiarn
1437 1020 1550 1070 illud,
1587 1019 1686 1074 quia
1734 1032 1832 1062 non

260 1088 333 1124 est
361 1097 487 1138 opus
507 1085 642 1127 sanis
665 1084 899 1135 medicus,
924 1085 1007 1126 sed
1031 1085 1431 1139 aegrotantibus,
1456 1086 1532 1128 hoc
1553 1091 1615 1127 est
1634 1086 1732 1140 quia
1750 1099 1831 1127 non

260 1153 321 1190 est
350 1163 529 1192 necessa1
540 1150 600 1192 ius
625 1150 737 1192 Iesus
757 1150 813 1192 eis
835 1150 907 1205 qui
929 1164 1011 1192 non
1033 1151 1190 1193 habent
1215 1157 1445 1206 peccatum,
1474 1151 1546 1193 sed
1573 1151 1629 1193 eis
1657 1151 1728 1206 qui
1754 1150 1831 1193 sal-

259 1216 387 1257 uandi
403 1220 501 1257 sunt
518 1230 541 1257 a
558 1215 752 1271 peccato?
785 1216 988 1271 numquid
1005 1217 1131 1259 etiam
1148 1217 1261 1267 illud,
1280 1217 1377 1271 quia
1393 1217 1470 1259 nisi
1485 1217 1829 1259 manducauerint

258 1281 443 1323 homines
470 1295 635 1324 carnem
661 1282 759 1331 eius,
786 1282 862 1324 hoc
888 1287 950 1323 est
974 1282 1196 1338 participes
1223 1282 1324 1324 facti
1348 1282 1501 1324 fuerint
1526 1282 1707 1338 corporis
1732 1283 1830 1332 eius,
1883 1296 1900 1323 5

257 1360 338 1388 non
356 1347 572 1389 habebunt
589 1347 746 1389 uitam?
764 1348 824 1390 his
843 1352 969 1402 atque
985 1348 1223 1391 huiusmodi
1238 1349 1340 1392 aliis.
1359 1361 1465 1402 quae
1481 1362 1590 1390 nunc
1605 1353 1830 1403 praetereo,

258 1413 506 1455 testimoniis
543 1414 685 1456 diuina
721 1413 810 1455 luce
846 1413 1092 1464 clarissimis,
1131 1414 1274 1456 diuina
1310 1414 1561 1456 auctoritate
1596 1414 1830 1455 certissimis

258 1492 394 1520 nonne
416 1479 568 1521 ueritas
589 1480 675 1521 sine
696 1479 780 1521 ulla
800 1479 1073 1534 ambiguitate
1093 1480 1324 1535 proclamat
1344 1493 1425 1521 non
1446 1479 1578 1523 solum
1599 1479 1640 1521 in
1662 1492 1831 1534 regnum

258 1544 322 1586 dei
339 1558 420 1586 non
434 1545 670 1599 baptizatos
681 1545 877 1599 paruulos
887 1545 1041 1587 intrare
1052 1559 1135 1587 non
1148 1559 1278 1600 posse,
1296 1546 1368 1587 sed
1385 1558 1458 1587 nec
1475 1545 1607 1587 uitam
1619 1550 1829 1586 aeternam

256 1622 375 1665 posse
397 1610 548 1652 habere
566 1615 729 1665 praeter
746 1611 897 1653 Christi
914 1624 1074 1667 corpus,
1093 1611 1159 1653 cui
1176 1615 1224 1653 ut
1241 1611 1554 1666 incorporentur
1571 1615 1829 1652 sacramento

256 1675 523 1731 baptismatis
544 1676 800 1719 inbuuntur?
823 1689 958 1718 nonne
979 1677 1135 1720 ueritas
1155 1677 1241 1718 sine
1263 1676 1346 1718 ulla
1367 1676 1629 1718 dubitatione
1651 1681 1830 1717 testatur

257 1754 323 1783 eos
339 1755 421 1784 non
438 1742 489 1784 ob
506 1742 619 1784 aliud
636 1743 689 1784 ad
711 1743 860 1792 Iesum,
877 1743 954 1784 hoc
967 1747 1028 1785 est
1043 1743 1095 1784 ad
1107 1742 1357 1784 saluatorem
1374 1747 1415 1784 et
1430 1742 1483 1783 ad
1498 1741 1703 1783 medicum
1718 1741 1829 1784 Chri-

254 1811 380 1858 stum,
397 1808 475 1863 piis
490 1808 744 1863 gestantium
756 1807 949 1850 manibus
964 1808 1073 1859 ferri,
1090 1808 1170 1850 nisi
1184 1812 1232 1850 ut
1248 1821 1320 1863 per
1334 1807 1583 1849 medicinam
1598 1819 1829 1849 sacramen-

256 1878 394 1915 torum
413 1874 500 1915 eius
517 1874 677 1929 possint
695 1889 719 1916 a
736 1874 897 1929 peccati
913 1878 1028 1929 peste
1046 1873 1207 1915 sanari?
1237 1873 1338 1928 quid
1356 1886 1450 1927 ergo
1468 1876 1714 1914 cunctamur
1731 1885 1828 1927 apo-

254 1939 350 1981 stoli
366 1939 506 1990 uerba,
530 1940 580 1982 de
603 1940 754 1994 quibus
776 1940 882 1981 forte
905 1939 1216 1989 dubitabamus,
1241 1939 1367 1981 etiam
1390 1938 1479 1993 ipsa
1500 1938 1557 1980 sic
1579 1937 1826 1993 intellegere,

255 2011 303 2047 ut
327 2005 390 2047 his
414 2010 645 2061 congruant
668 2005 931 2056 testimoniis,
956 2006 1007 2047 de
1031 2005 1182 2060 quibus
1205 2004 1397 2046 dubitare
1420 2017 1503 2045 non
1526 2002 1769 2059 possumus?

359 2083 395 2125 9.
420 2082 684 2138 Quamquam
701 2087 792 2125 toto
811 2083 900 2138 ipso
918 2083 1020 2133 loco,
1041 2082 1114 2125 ubi
1132 2095 1205 2137 per
1223 2082 1345 2123 unius
1363 2085 1581 2136 peccatum
1600 2080 1826 2122 multorum

253 2149 646 2191 condemnationem
667 2154 709 2190 et
739 2162 811 2204 per
841 2148 962 2191 unius
994 2148 1197 2190 iustitiam
1227 2147 1455 2189 multorum
1486 2145 1825 2188 iustificationem

342 2302 363 2336 5
380 2302 481 2337 Rom.
498 2303 531 2344 5,
550 2303 590 2338 12
682 2303 703 2337 8
720 2302 793 2337 Ioh.
809 2303 842 2344 3,
856 2303 877 2337 5
969 2302 990 2337 9
1007 2302 1134 2337 Matth.
1151 2304 1182 2343 1,
1198 2303 1237 2337 21
1336 2303 1372 2336 11
1393 2300 1521 2336 Matth.
1540 2300 1572 2342 9,
1587 2301 1629 2336 12
1720 2301 1762 2335 14
1779 2299 1821 2334 cf.

254 2361 328 2397 Ioh.
345 2362 377 2403 6,
392 2362 436 2396 54
528 2363 569 2397 27
587 2362 630 2397 cf.
649 2362 750 2397 Rom.
766 2362 799 2404 5,
812 2363 854 2397 18

343 2471 357 2503 1
374 2466 471 2512 nulla
481 2469 520 2513 (ὖ
532 2479 558 2503 s.
577 2478 598 2512 a.
612 2468 682 2513 m2)
694 2469 722 2503 L
736 2467 988 2504 nullaSVPGd
1051 2471 1158 2503 restet
1172 2467 1203 2501 V
1268 2468 1288 2502 2
1306 2466 1433 2502 saltem
1443 2466 1558 2502 C'Mbd
1620 2468 1641 2502 4
1657 2466 1722 2501 hac
1733 2465 1824 2501 LSV

251 2528 272 2562 6
289 2526 386 2562 edita
397 2539 473 2572 exp.
490 2530 520 2562 et
532 2528 570 2562 in
585 2529 728 2573 mqudd.
742 2531 778 2562 et
789 2527 842 2563 ita
852 2527 945 2563 Km2
1087 2529 1107 2562 7
1119 2526 1171 2573 in]
1184 2529 1220 2562 et
1231 2526 1285 2571 (in
1297 2537 1360 2572 mq.
1373 2525 1429 2561 m2
1440 2525 1453 2561 1
1463 2526 1524 2571 ad)
1537 2525 1568 2560 V
1693 2528 1729 2560 et
1740 2535 1824 2560 om.2

252 2585 273 2620 9
284 2586 415 2622 intrare
427 2587 467 2621 ια
544 2588 587 2622 10
600 2578 674 2622 iffi
687 2587 766 2622 Kba
781 2587 917 2622 hiesum
928 2587 971 2622 M
1040 2588 1080 2622 11
1100 2585 1223 2632 etiam]
1238 2586 1315 2620 aad.
1333 2588 1369 2621 et
1380 2585 1499 2621 LSPG
1577 2586 1619 2621 13
1634 2584 1728 2619 Iesus
1738 2594 1824 2619 om

251 2648 294 2681 14
309 2645 381 2680 sint
390 2644 475 2681 Gml
518 2646 626 2681 etiam
637 2646 688 2681 bis
698 2646 734 2681 K
776 2648 815 2682 17
830 2658 881 2692 pr.
899 2645 1019 2690 diuine
1033 2645 1066 2680 P
1129 2645 1171 2682 19
1185 2656 1283 2691 paru.
1303 2655 1373 2679 non
1389 2645 1488 2691 bapt.
1500 2643 1567 2680 KG
1611 2644 1655 2679 20
1670 2643 1821 2689 praeter]

252 2708 395 2751 propter
406 2705 591 2741 LmISVP
727 2706 770 2742 22
788 2715 845 2740 eos
862 2715 947 2741 om.2
1076 2704 1118 2740 24
1137 2708 1235 2750 peste
1245 2703 1301 2739 mZ
1312 2715 1354 2739 ex
1368 2707 1466 2750 perte
1479 2703 1510 2738 V
1641 2713 1720 2738 uoce
1735 2702 1822 2748 quid

249 2764 335 2800 noui
347 2765 495 2809 capituli
506 2765 583 2800 init.
598 2765 703 2800 sumit
713 2765 731 2800 b
841 2766 883 2801 25
895 2763 1000 2810 forte]
1012 2764 1119 2799 uerba
1131 2764 1173 2799 V.
1285 2762 1490 2799 dubitamus
1499 2761 1694 2798 GmlAGM
1710 2761 1818 2808 depu-

253 2827 369 2859 tamus
384 2824 415 2858 V
475 2825 516 2859 27
530 2827 699 2870 quanqua
707 2824 745 2869 (n
755 2823 882 2869 s.l.m2)
892 2824 921 2859 L
986 2835 989 2836 ⁷

1863 640 1880 667 5

1866 966 1903 994 10

1858 1623 1899 1652 20

1855 1950 1896 1978 25
