2028 3204
89 2260 151 2303 des.
165 2258 196 2292 E

232 182 311 225 364
665 192 723 227 IV.
757 191 810 228 De
841 194 971 228 natura
1000 195 1038 228 et
1066 191 1198 239 origine
1230 191 1367 227 animae

230 318 397 373 quando
420 324 569 368 utrem,
591 318 699 360 sicut
721 318 835 368 dieis,
858 317 1066 368 inflamuS,
1091 318 1202 372 quod
1225 317 1399 360 facimus
1422 322 1468 359 ut
1492 317 1701 367 uiuamus;
1725 317 1802 359 nisi

231 384 341 438 quod
360 389 461 425 tunc
478 383 601 438 paulo
619 383 711 438 plus
729 383 931 434 ducimus,
952 388 998 425 ut
1016 382 1140 438 paulo
1157 382 1250 438 plus
1268 382 1522 433 emittamus,
1543 387 1589 425 ut
1606 382 1798 437 spiritum

230 448 425 496 flabilem,
454 449 496 490 id
523 454 585 490 est
612 453 786 490 uentum
812 448 854 490 in
882 454 1017 490 utrem
1044 448 1285 503 inplendum
1313 452 1354 490 et
1381 447 1688 490 extendendum
1716 461 1798 490 non

229 514 368 569 quiete
392 514 575 568 spirandi
600 518 641 555 et
665 513 906 568 respirandi,
924 514 995 555 sed
1013 513 1234 556 anhelandi
1256 513 1414 568 impetu
1433 518 1677 555 coartemus.
1697 525 1798 568 quo-

229 580 352 621 modo
388 592 481 630 ergo
516 579 636 621 dicis:
672 578 830 621 nullum
863 579 1041 632 patimur
1075 578 1362 629 detrimentum,
1398 592 1488 620 cum
1521 591 1570 620 esc
1602 577 1715 620 nobis
1749 577 1801 620 ad

230 644 384 697 aliquid
404 645 711 686 transmittimus
730 644 884 697 flatum,
909 648 942 686 et
962 648 1145 686 manente
1163 644 1209 686 in
1228 644 1341 686 nobis
1361 642 1481 697 plena
1499 643 1622 696 slatus
1642 644 1801 696 proprii

229 709 416 763 qualitate
448 714 481 751 et
514 710 665 764 inteqra
697 710 914 763 quantitate
945 709 1103 751 nullum
1134 723 1206 751 nos
1238 709 1495 751 meminimus
1527 708 1720 750 dammim
1750 721 1800 750 ez

230 776 330 817 atris
352 775 564 827 inflatione
586 775 759 818 sentire?
796 780 969 830 apparet
992 780 1046 825 te,
1071 775 1144 825 fili,
1167 775 1201 816 si
1224 774 1447 829 aliquando
1471 778 1605 816 utrem
1628 773 1798 823 inflasti,

230 854 310 882 non
343 841 571 883 aduertisse
603 841 703 895 quid
736 841 874 893 egeris.
924 841 1034 895 quod
1068 840 1177 882 enim
1208 839 1418 882 sufflando
1451 838 1622 887 amittis,
1655 838 1799 881 statim

230 906 462 961 recipiendo
485 920 566 948 non
590 906 728 947 sentis.
768 906 839 947 sed
863 910 981 960 potes
1003 905 1080 947 hoc
1103 905 1296 948 facillime
1318 905 1484 954 discere,
1508 904 1541 945 si
1564 904 1640 946 hoc
1662 903 1800 958 potius

230 971 329 1013 uelis
356 985 482 1026 quam
508 976 583 1013 tua
608 971 733 1021 dicta,
761 971 859 1026 quia
884 971 966 1013 iam
992 971 1106 1013 dicta
1130 976 1240 1021 sunt,
1268 984 1350 1012 non
1376 969 1526 1012 inflans
1553 975 1701 1018 utrem,
1728 969 1798 1011 sed

229 1037 400 1079 inflatus
421 1037 507 1091 ipse
527 1036 746 1078 defendere
766 1042 807 1078 et
829 1036 1038 1078 auditores
1058 1042 1166 1087 tuos,
1189 1049 1292 1091 quos
1314 1036 1418 1078 ueris
1439 1034 1560 1076 rebus
1581 1034 1800 1076 aedificare

230 1102 366 1153 debes,
392 1102 505 1144 inani
529 1102 705 1157 strepitu
731 1102 892 1144 uentosi
915 1101 1113 1143 sermonis
1137 1101 1294 1143 inflare.
1335 1101 1377 1143 in
1401 1100 1478 1142 hac
1502 1113 1625 1142 causa
1651 1113 1732 1141 non
1756 1104 1799 1140 te

230 1169 282 1210 ad
310 1167 555 1222 magistrum
582 1167 705 1209 mitto
733 1167 810 1208 nisi
837 1167 890 1209 ad
917 1171 959 1208 te
985 1167 1133 1221 ipsum.
1178 1166 1322 1208 emitte
1349 1166 1499 1208 flatum
1527 1165 1568 1206 in
1596 1170 1730 1207 utrem
1757 1171 1798 1206 et

231 1246 274 1275 os
301 1233 445 1275 claude
472 1233 668 1290 continuo
696 1245 896 1287 naresque
922 1232 1060 1274 detine
1087 1237 1128 1273 et
1154 1232 1211 1273 sic
1235 1231 1384 1274 saltem
1409 1230 1517 1272 senti
1544 1243 1687 1272 uerum
1713 1242 1798 1271 esse

230 1299 341 1353 quod
365 1298 469 1340 dico.
512 1311 605 1340 cum
630 1298 738 1340 enim
763 1297 943 1352 coeperis
967 1297 1178 1351 angustias
1201 1295 1480 1339 intolerabiles
1503 1295 1675 1350 perpeti,
1701 1294 1799 1349 quid

230 1364 367 1418 cupies
393 1377 461 1405 ore
486 1369 630 1418 aperto
656 1363 906 1418 naribusque
931 1363 1121 1417 recipene,
1148 1362 1194 1413 si,
1221 1362 1388 1417 quando
1413 1360 1606 1410 sufflasti,
1634 1359 1736 1401 nihil
1759 1364 1800 1401 te

230 1429 442 1471 existimas
469 1428 683 1471 amisisse?
728 1428 822 1470 uide
848 1428 891 1470 in
919 1441 1000 1483 quo
1027 1427 1136 1470 malo
1163 1427 1231 1477 sis,
1260 1427 1337 1469 nisi
1364 1426 1590 1469 hauriendo
1618 1438 1800 1467 resumas

230 1495 341 1549 quod
368 1494 620 1536 effundendo
647 1494 902 1544 reddideras;
930 1493 1037 1544 uide,
1064 1493 1134 1535 illa
1158 1492 1388 1535 insufflatio
1415 1491 1555 1546 qualia
1579 1491 1733 1532 damna
1758 1495 1799 1531 et

230 1560 482 1601 detrimenta
511 1559 685 1609 fecisset,
718 1559 794 1600 nisi
825 1572 874 1601 ea
903 1558 1119 1613 respiratio
1150 1563 1391 1613 reparasset.
1439 1556 1516 1598 nisi
1538 1556 1655 1598 enim
1687 1555 1797 1610 quod

229 1625 462 1680 inpenderis
490 1625 543 1666 ad
573 1629 708 1666 utrem
736 1624 1006 1678 implendum,
1029 1624 1080 1665 ad
1107 1628 1149 1665 te
1175 1623 1319 1665 itidem
1337 1622 1531 1665 alendum
1549 1621 1667 1663 aditu
1685 1625 1800 1675 pate-

230 1690 340 1732 facto
366 1689 544 1741 redierit,
572 1690 671 1744 quid
696 1689 773 1731 tibi
799 1703 881 1731 non
905 1688 1038 1731 solum
1064 1689 1173 1731 unde
1196 1688 1312 1730 illum
1338 1687 1495 1737 inflare,
1521 1686 1591 1728 sed
1618 1686 1726 1728 unde
1750 1690 1797 1727 tu

229 1755 358 1810 possis
388 1755 526 1797 uiuere
555 1754 816 1797 remanebit?

335 1821 370 1863 6.
397 1820 513 1863 Haec
536 1820 715 1862 debuisti
739 1820 1008 1870 considerare,
1033 1832 1127 1861 cum
1151 1819 1359 1868 scriberes,
1384 1823 1425 1859 et
1450 1830 1531 1859 non
1555 1816 1635 1858 ista
1658 1814 1800 1857 simili-

229 1886 374 1928 tudine
400 1886 555 1928 utrium
581 1885 823 1927 inflatorum
850 1885 915 1927 uel
939 1884 1220 1927 inflandorum
1246 1883 1505 1925 introducere
1531 1881 1648 1923 nobis
1673 1881 1797 1922 deum

230 1956 303 1993 aut
325 1965 375 1992 ex
397 1951 478 1993 alia
499 1956 662 2002 natura,
687 1964 792 2005 quae
813 1950 895 1992 iam
919 1955 1019 2000 erat,
1043 1949 1150 1991 sicut
1171 1962 1245 1991 nos
1267 1962 1317 1990 ex
1338 1949 1418 1990 isto
1440 1945 1686 1989 circumfuso
1708 1958 1800 1988 aere

230 2016 379 2058 flatum
408 2016 595 2067 facimus,
627 2016 786 2058 animas
815 2015 916 2058 flare
945 2020 1019 2058 aut
1048 2019 1170 2066 certe,
1202 2015 1312 2070 quod
1343 2019 1385 2055 et
1414 2013 1608 2055 abhorret
1637 2011 1690 2053 ab
1720 2010 1799 2052 ista

229 2081 499 2123 similitudine
517 2087 558 2123 et
576 2081 764 2123 abundat
781 2080 1011 2136 impietate,
1036 2080 1160 2122 deum
1183 2079 1269 2122 sine
1293 2078 1375 2121 ullo
1400 2078 1568 2133 quidem
1590 2076 1653 2118 sui
1676 2075 1801 2117 detri-

319 2182 340 2217 5
362 2181 465 2217 Vino.
482 2179 604 2216 Victor
666 2177 678 2198 ²

324 2259 344 2293 2
360 2257 454 2304 quod
473 2258 573 2305 tunc]
590 2258 753 2305 quodaH
829 2257 1118 2303 ducimus—plus
1133 2268 1195 2292 om.
1208 2256 1236 2291 C'
1307 2258 1327 2291 4
1345 2254 1547 2291 anelandiC'
1619 2256 1796 2292 anelandn

232 2321 315 2363 petu
328 2319 360 2352 A
442 2319 462 2353 6
480 2318 766 2353 transmittamus
779 2318 807 2352 C'
899 2316 935 2352 in
952 2328 1014 2352 om.
1031 2316 1091 2351 BC
1164 2317 1269 2363 p-lena
1285 2327 1347 2351 om.
1360 2315 1393 2350 D
1465 2315 1487 2350 8
1502 2313 1749 2351 insufflatione
1763 2316 1796 2351 Β

231 2378 252 2412 9
277 2375 387 2423 quod]
402 2377 489 2423 quid
506 2377 536 2412 B
686 2376 903 2412 insufflando
919 2377 937 2411 b
962 2375 1123 2412 inflando
1135 2376 1157 2411 d
1272 2373 1408 2410 emittis
1423 2375 1442 2409 b
1565 2373 1608 2408 10
1633 2378 1754 2420 potest
1768 2376 1796 2409 C

230 2435 429 2472 ediscereH
522 2437 561 2472 11
580 2440 618 2472 tu
637 2436 782 2472 addicta
793 2438 820 2471 Ο
909 2436 1014 2471 inflas
1029 2436 1056 2471 Ο
1165 2436 1208 2471 12
1226 2434 1341 2471 uerbis
1356 2434 1386 2469 Τ
1488 2434 1531 2469 13
1547 2432 1750 2470 inanissime
1765 2434 1798 2469 B

231 2495 462 2532 inanissimo
483 2495 600 2532 inanis
622 2496 743 2531 sineH
863 2495 1023 2542 strepidu
1036 2495 1065 2531 0
1180 2495 1260 2530 inae
1273 2495 1305 2530 A
1413 2494 1454 2529 14
1477 2492 1559 2539 nisi]
1581 2492 1645 2528 sed
1663 2493 1796 2530 BCHT

233 2557 271 2591 17
288 2555 407 2602 cupiet
420 2557 451 2591 A
513 2564 547 2591 te
565 2567 628 2591 om.
639 2555 675 2591 Η
739 2556 782 2590 18
797 2555 985 2591 exestimas
999 2555 1061 2590 AC
1117 2553 1243 2590 amisse
1255 2554 1288 2589 D
1352 2552 1489 2589 malaA
1551 2551 1720 2588 auriendo
1733 2552 1799 2588 CH

232 2625 347 2651 rerum
365 2620 403 2651 at
419 2615 514 2661 quod
529 2615 583 2662 (in
598 2627 662 2662 mq.
681 2626 706 2651 s.
723 2625 840 2650 rerum
856 2614 933 2650 add.
950 2614 1007 2650 m2
1020 2613 1214 2660 remeat)H
1353 2613 1394 2648 19
1421 2622 1494 2658 quo
1517 2610 1744 2647 defundendo
1761 2614 1793 2647 A

232 2675 274 2710 20
291 2674 446 2721 fecisset]
463 2676 539 2711 add.
558 2678 596 2710 et
610 2676 643 2710 A
701 2676 741 2710 21
760 2673 992 2710 a-l-*endum
1008 2674 1027 2709 I
1088 2672 1228 2709 aditum
1241 2672 1272 2707 B
1318 2672 1361 2707 22
1375 2671 1477 2718 quic
1531 2671 1574 2707 23
1589 2670 1794 2707 manebitA

233 2734 274 2770 24
289 2733 451 2770 debuisse
463 2736 494 2769 A
594 2735 636 2770 26
652 2745 746 2771 aeres
763 2734 840 2770 latu
852 2734 884 2768 A
981 2733 1023 2769 27
1045 2736 1087 2769 at
1098 2733 1130 2768 B
1223 2732 1366 2768 aborret
1375 2730 1404 2767 Ο
1512 2731 1555 2767 28
1565 2729 1797 2767 oabundaffl

233 2793 413 2830 obtundat
423 2794 452 2829 C

1824 588 1845 618 5

1830 914 1871 944 10

1828 1239 1868 1268 15

1826 1565 1870 1595 20

1824 1890 1867 1920 25
