<?xml version="1.0" encoding="UTF-8"?>
<!DOCTYPE html PUBLIC "-//W3C//DTD XHTML 1.0 Transitional//EN"
    "http://www.w3.org/TR/xhtml1/DTD/xhtml1-transitional.dtd">
<html xmlns="http://www.w3.org/1999/xhtml" xml:lang="en" lang="en">
 <head>
  <title>
</title>
<meta http-equiv="Content-Type" content="text/html;charset=utf-8" />
  <meta name='ocr-system' content='tesseract 3.04.00' />
  <meta name='ocr-capabilities' content='ocr_page ocr_carea ocr_par ocr_line ocrx_word'/>
</head>
<body>
  <div class='ocr_page' id='page_1' title='image "./corpusscriptorum60auguuoft_0697.png"; bbox 0 0 2028 3204; ppageno 0'>
   <div class='ocr_carea' id='block_1_1' title="bbox 0 0 80 3204">
    <p class='ocr_par' dir='ltr' id='par_1_1' title="bbox 0 0 80 3204">
     <span class='ocr_line' id='line_1_1' title="bbox 0 0 80 3204; baseline 0 0"><span class='ocrx_word' id='word_1_1' title='bbox 0 0 80 3204; x_wconf 95' lang='lat' dir='ltr'> </span> 
     </span>
    </p>
   </div>
   <div class='ocr_carea' id='block_1_2' title="bbox 634 229 1371 266">
    <p class='ocr_par' dir='ltr' id='par_1_2' title="bbox 634 229 1371 266">
     <span class='ocr_line' id='line_1_2' title="bbox 634 229 1371 266; baseline -0.003 0"><span class='ocrx_word' id='word_1_2' title='bbox 634 230 700 266; x_wconf 87' lang='lat'>111.</span> <span class='ocrx_word' id='word_1_3' title='bbox 729 230 837 266; x_wconf 81' lang='lat' dir='ltr'>Index</span> <span class='ocrx_word' id='word_1_4' title='bbox 863 230 1049 266; x_wconf 88' lang='lat' dir='ltr'>uerborum</span> <span class='ocrx_word' id='word_1_5' title='bbox 1075 233 1110 265; x_wconf 90' lang='lat' dir='ltr'>et</span> <span class='ocrx_word' id='word_1_6' title='bbox 1134 229 1371 265; x_wconf 82' lang='lat' dir='ltr'>elocutionum</span> 
     </span>
    </p>
   </div>
   <div class='ocr_carea' id='block_1_3' title="bbox 213 349 964 812">
    <p class='ocr_par' dir='ltr' id='par_1_3' title="bbox 213 349 963 454">
     <span class='ocr_line' id='line_1_3' title="bbox 213 349 963 396; baseline -0.001 -11"><span class='ocrx_word' id='word_1_7' title='bbox 213 350 350 385; x_wconf 90' lang='lat' dir='ltr'>haurire</span> <span class='ocrx_word' id='word_1_8' title='bbox 374 351 542 385; x_wconf 87' lang='lat' dir='ltr'>memoria</span> <span class='ocrx_word' id='word_1_9' title='bbox 569 350 582 385; x_wconf 89' lang='grc' dir='ltr'>Ι</span> <span class='ocrx_word' id='word_1_10' title='bbox 607 351 684 391; x_wconf 90' lang='grc'>358,</span> <span class='ocrx_word' id='word_1_11' title='bbox 713 351 763 387; x_wconf 87' lang='lat'>18.</span> <span class='ocrx_word' id='word_1_12' title='bbox 802 349 963 396; x_wconf 87' lang='lat' dir='ltr'>spiritum</span> 
     </span>
     <span class='ocr_line' id='line_1_4' title="bbox 263 409 749 454; baseline 0.002 -9"><span class='ocrx_word' id='word_1_13' title='bbox 263 410 275 444; x_wconf 93' lang='lat' dir='ltr'>l</span> <span class='ocrx_word' id='word_1_14' title='bbox 299 410 376 451; x_wconf 87' lang='lat'>362,</span> <span class='ocrx_word' id='word_1_15' title='bbox 402 411 460 452; x_wconf 78' lang='lat'>243</span> <span class='ocrx_word' id='word_1_16' title='bbox 484 412 527 454; x_wconf 78' lang='lat' dir='ltr'>cs.</span> <span class='ocrx_word' id='word_1_17' title='bbox 557 409 569 445; x_wconf 90' lang='lat' dir='ltr'>l</span> <span class='ocrx_word' id='word_1_18' title='bbox 594 411 672 451; x_wconf 89' lang='lat'>364,</span> <span class='ocrx_word' id='word_1_19' title='bbox 698 411 749 446; x_wconf 87' lang='grc'>18.</span> 
     </span>
    </p>

    <p class='ocr_par' dir='ltr' id='par_1_4' title="bbox 214 469 964 573">
     <span class='ocr_line' id='line_1_5' title="bbox 214 469 964 512; baseline 0.001 -8"><span class='ocrx_word' id='word_1_20' title='bbox 214 470 450 505; x_wconf 76' lang='lat' dir='ltr'>hebdomades</span> <span class='ocrx_word' id='word_1_21' title='bbox 473 469 486 504; x_wconf 94' lang='lat' dir='ltr'>l</span> <span class='ocrx_word' id='word_1_22' title='bbox 509 471 584 510; x_wconf 90' lang='lat'>138,</span> <span class='ocrx_word' id='word_1_23' title='bbox 604 471 635 506; x_wconf 90' lang='lat'>5.</span> <span class='ocrx_word' id='word_1_24' title='bbox 661 469 694 505; x_wconf 94' lang='lat'>11</span> <span class='ocrx_word' id='word_1_25' title='bbox 717 470 792 512; x_wconf 90' lang='lat'>195,</span> <span class='ocrx_word' id='word_1_26' title='bbox 814 471 865 505; x_wconf 94' lang='lat'>14.</span> <span class='ocrx_word' id='word_1_27' title='bbox 889 470 964 511; x_wconf 88' lang='grc'>196,</span> 
     </span>
     <span class='ocr_line' id='line_1_6' title="bbox 261 529 600 573; baseline 0 -8"><span class='ocrx_word' id='word_1_28' title='bbox 261 530 316 570; x_wconf 87' lang='grc'>15;</span> <span class='ocrx_word' id='word_1_29' title='bbox 340 531 384 573; x_wconf 77' lang='lat' dir='ltr'>cl.</span> <span class='ocrx_word' id='word_1_30' title='bbox 410 529 487 565; x_wconf 76' lang='lat' dir='ltr'>1m1.</span> <span class='ocrx_word' id='word_1_31' title='bbox 513 541 600 565; x_wconf 82' lang='lat' dir='ltr'>nom.</span> 
     </span>
    </p>

    <p class='ocr_par' dir='ltr' id='par_1_5' title="bbox 214 588 918 633">
     <span class='ocr_line' id='line_1_7' title="bbox 214 588 918 633; baseline 0 -9"><span class='ocrx_word' id='word_1_32' title='bbox 214 590 442 633; x_wconf 74' lang='grc' dir='ltr'>ἡγεμονικόν</span> <span class='ocrx_word' id='word_1_33' title='bbox 468 588 482 624; x_wconf 92' lang='lat' dir='ltr'>I</span> <span class='ocrx_word' id='word_1_34' title='bbox 511 590 588 631; x_wconf 89' lang='lat'>387,</span> <span class='ocrx_word' id='word_1_35' title='bbox 614 590 647 630; x_wconf 92' lang='lat'>3,</span> <span class='ocrx_word' id='word_1_36' title='bbox 667 591 711 633; x_wconf 82' lang='lat' dir='ltr'>cl.</span> <span class='ocrx_word' id='word_1_37' title='bbox 732 589 810 625; x_wconf 82' lang='lat' dir='ltr'>Ind.</span> <span class='ocrx_word' id='word_1_38' title='bbox 830 600 918 624; x_wconf 78' lang='lat' dir='ltr'>nom.</span> 
     </span>
    </p>

    <p class='ocr_par' dir='ltr' id='par_1_6' title="bbox 213 648 737 691">
     <span class='ocr_line' id='line_1_8' title="bbox 213 648 737 691; baseline 0.004 -8"><span class='ocrx_word' id='word_1_39' title='bbox 213 649 388 684; x_wconf 75' lang='lat' dir='ltr'>hereditas</span> <span class='ocrx_word' id='word_1_40' title='bbox 412 649 539 684; x_wconf 75' lang='lat' dir='ltr'>Christi</span> <span class='ocrx_word' id='word_1_41' title='bbox 566 648 579 683; x_wconf 95' lang='lat'>1</span> <span class='ocrx_word' id='word_1_42' title='bbox 605 650 658 691; x_wconf 88' lang='lat'>25,</span> <span class='ocrx_word' id='word_1_43' title='bbox 685 650 737 685; x_wconf 88' lang='lat'>21.</span> 
     </span>
    </p>

    <p class='ocr_par' dir='ltr' id='par_1_7' title="bbox 214 708 964 812">
     <span class='ocr_line' id='line_1_9' title="bbox 214 708 964 754; baseline 0 -11"><span class='ocrx_word' id='word_1_44' title='bbox 214 709 387 743; x_wconf 88' lang='lat' dir='ltr'>heremus:</span> <span class='ocrx_word' id='word_1_45' title='bbox 412 719 472 754; x_wconf 89' lang='lat' dir='ltr'>per</span> <span class='ocrx_word' id='word_1_46' title='bbox 496 709 673 744; x_wconf 75' lang='lat' dir='ltr'>heremum</span> <span class='ocrx_word' id='word_1_47' title='bbox 698 709 826 744; x_wconf 88' lang='lat' dir='ltr'>ductus</span> <span class='ocrx_word' id='word_1_48' title='bbox 852 708 886 743; x_wconf 93' lang='lat'>11</span> <span class='ocrx_word' id='word_1_49' title='bbox 909 708 964 750; x_wconf 89' lang='grc'>66,</span> 
     </span>
     <span class='ocr_line' id='line_1_10' title="bbox 261 767 583 812; baseline 0 -8"><span class='ocrx_word' id='word_1_50' title='bbox 261 769 316 808; x_wconf 86' lang='grc'>12;</span> <span class='ocrx_word' id='word_1_51' title='bbox 341 770 383 812; x_wconf 79' lang='lat' dir='ltr'>cl.</span> <span class='ocrx_word' id='word_1_52' title='bbox 412 767 424 803; x_wconf 92' lang='lat'>1</span> <span class='ocrx_word' id='word_1_53' title='bbox 450 769 527 811; x_wconf 85' lang='lat'>495,</span> <span class='ocrx_word' id='word_1_54' title='bbox 551 770 583 804; x_wconf 97' lang='lat'>6.</span> 
     </span>
    </p>
   </div>
   <div class='ocr_carea' id='block_1_4' title="bbox 214 839 963 1120">
    <p class='ocr_par' dir='ltr' id='par_1_8' title="bbox 214 839 963 1064">
     <span class='ocr_line' id='line_1_11' title="bbox 214 839 962 881; baseline 0.001 -7"><span class='ocrx_word' id='word_1_55' title='bbox 214 840 309 874; x_wconf 83' lang='lat' dir='ltr'>heres</span> <span class='ocrx_word' id='word_1_56' title='bbox 345 840 472 874; x_wconf 86' lang='lat' dir='ltr'>ueteris</span> <span class='ocrx_word' id='word_1_57' title='bbox 508 840 711 875; x_wconf 80' lang='lat' dir='ltr'>testamenti</span> <span class='ocrx_word' id='word_1_58' title='bbox 750 839 784 875; x_wconf 93' lang='lat' dir='ltr'>II</span> <span class='ocrx_word' id='word_1_59' title='bbox 819 840 874 881; x_wconf 87' lang='lat'>66,</span> <span class='ocrx_word' id='word_1_60' title='bbox 912 840 962 880; x_wconf 92' lang='grc'>17,</span> 
     </span>
     <span class='ocr_line' id='line_1_12' title="bbox 214 890 962 945; baseline 0.001 -11"><span class='ocrx_word' id='word_1_61' title='bbox 214 899 429 934; x_wconf 76' lang='lat' dir='ltr'><strong>heresiarcha</strong></span> <span class='ocrx_word' id='word_1_62' title='bbox 449 900 594 934; x_wconf 88' lang='lat' dir='ltr'>istorum</span> <span class='ocrx_word' id='word_1_63' title='bbox 618 899 776 945; x_wconf 76' lang='lat' dir='ltr'>Pelagius</span> <span class='ocrx_word' id='word_1_64' title='bbox 799 890 911 942; x_wconf 76' lang='lat'>1⁸543,</span> <span class='ocrx_word' id='word_1_65' title='bbox 931 900 962 934; x_wconf 88' lang='grc'>8.</span> 
     </span>
     <span class='ocr_line' id='line_1_13' title="bbox 214 958 963 1005; baseline 0.001 -12"><span class='ocrx_word' id='word_1_66' title='bbox 214 959 444 994; x_wconf 73' lang='lat' dir='ltr'>heresiarches</span> <span class='ocrx_word' id='word_1_67' title='bbox 464 964 579 994; x_wconf 87' lang='lat' dir='ltr'>uester</span> <span class='ocrx_word' id='word_1_68' title='bbox 599 958 758 1005; x_wconf 75' lang='lat' dir='ltr'>Pelagius</span> <span class='ocrx_word' id='word_1_69' title='bbox 780 959 814 994; x_wconf 92' lang='lat'>11</span> <span class='ocrx_word' id='word_1_70' title='bbox 835 960 911 1001; x_wconf 89' lang='lat'>268,</span> <span class='ocrx_word' id='word_1_71' title='bbox 931 961 963 994; x_wconf 89' lang='grc'>4.</span> 
     </span>
     <span class='ocr_line' id='line_1_14' title="bbox 215 1018 962 1064; baseline 0.001 -11"><span class='ocrx_word' id='word_1_72' title='bbox 215 1019 340 1054; x_wconf 76' lang='lat' dir='ltr'>heresis</span> <span class='ocrx_word' id='word_1_73' title='bbox 366 1019 496 1064; x_wconf 82' lang='lat' dir='ltr'>passim</span> <span class='ocrx_word' id='word_1_74' title='bbox 526 1019 538 1054; x_wconf 95' lang='lat' dir='ltr'>I</span> <span class='ocrx_word' id='word_1_75' title='bbox 566 1020 642 1060; x_wconf 90' lang='lat'>312,</span> <span class='ocrx_word' id='word_1_76' title='bbox 673 1021 723 1055; x_wconf 91' lang='lat'>12.</span> <span class='ocrx_word' id='word_1_77' title='bbox 767 1018 800 1054; x_wconf 90' lang='grc' dir='ltr'>ΙΙ</span> <span class='ocrx_word' id='word_1_78' title='bbox 829 1020 882 1061; x_wconf 95' lang='grc'>76,</span> <span class='ocrx_word' id='word_1_79' title='bbox 911 1020 962 1055; x_wconf 92' lang='grc'>12.</span> 
     </span>
    </p>

    <p class='ocr_par' dir='ltr' id='par_1_9' title="bbox 261 1078 962 1120">
     <span class='ocr_line' id='line_1_15' title="bbox 261 1078 962 1120; baseline 0 -6"><span class='ocrx_word' id='word_1_80' title='bbox 261 1080 333 1120; x_wconf 88' lang='grc'>116,</span> <span class='ocrx_word' id='word_1_81' title='bbox 363 1079 402 1114; x_wconf 88' lang='lat'>18</span> <span class='ocrx_word' id='word_1_82' title='bbox 428 1081 484 1114; x_wconf 79' lang='lat' dir='ltr'>cel.</span> <span class='ocrx_word' id='word_1_83' title='bbox 513 1079 595 1114; x_wconf 92' lang='lat' dir='ltr'>noui</span> <span class='ocrx_word' id='word_1_84' title='bbox 622 1079 745 1114; x_wconf 89' lang='lat' dir='ltr'>erroris</span> <span class='ocrx_word' id='word_1_85' title='bbox 778 1078 792 1114; x_wconf 92' lang='grc' dir='ltr'>Ι</span> <span class='ocrx_word' id='word_1_86' title='bbox 823 1080 900 1120; x_wconf 88' lang='lat'>461,</span> <span class='ocrx_word' id='word_1_87' title='bbox 934 1081 962 1114; x_wconf 94' lang='lat'>1.</span> 
     </span>
    </p>
   </div>
   <div class='ocr_carea' id='block_1_5' title="bbox 214 1150 966 1431">
    <p class='ocr_par' dir='ltr' id='par_1_10' title="bbox 214 1150 966 1431">
     <span class='ocr_line' id='line_1_16' title="bbox 214 1150 963 1195; baseline 0.001 -10"><span class='ocrx_word' id='word_1_88' title='bbox 214 1151 384 1185; x_wconf 88' lang='lat' dir='ltr'>hereticus</span> <span class='ocrx_word' id='word_1_89' title='bbox 401 1150 543 1195; x_wconf 74' lang='lat' dir='ltr'>passim:</span> <span class='ocrx_word' id='word_1_90' title='bbox 563 1150 576 1185; x_wconf 94' lang='lat' dir='ltr'>I</span> <span class='ocrx_word' id='word_1_91' title='bbox 594 1151 670 1191; x_wconf 89' lang='lat'>338,</span> <span class='ocrx_word' id='word_1_92' title='bbox 688 1151 719 1185; x_wconf 90' lang='lat'>8.</span> <span class='ocrx_word' id='word_1_93' title='bbox 738 1151 815 1192; x_wconf 88' lang='grc'>361,</span> <span class='ocrx_word' id='word_1_94' title='bbox 835 1153 864 1186; x_wconf 94' lang='grc'>1.</span> <span class='ocrx_word' id='word_1_95' title='bbox 883 1151 913 1186; x_wconf 91' lang='grc'>7.</span> <span class='ocrx_word' id='word_1_96' title='bbox 933 1151 963 1186; x_wconf 90' lang='grc'>9.</span> 
     </span>
     <span class='ocr_line' id='line_1_17' title="bbox 258 1209 964 1256; baseline 0.001 -12"><span class='ocrx_word' id='word_1_97' title='bbox 258 1210 407 1256; x_wconf 84' lang='lat' dir='ltr'>uirgines</span> <span class='ocrx_word' id='word_1_98' title='bbox 435 1209 467 1245; x_wconf 89' lang='grc' dir='ltr'>ΙΙ</span> <span class='ocrx_word' id='word_1_99' title='bbox 494 1211 569 1252; x_wconf 89' lang='grc'>216,</span> <span class='ocrx_word' id='word_1_100' title='bbox 597 1212 648 1246; x_wconf 92' lang='grc'>13.</span> <span class='ocrx_word' id='word_1_101' title='bbox 674 1210 756 1245; x_wconf 92' lang='lat' dir='ltr'>noui</span> <span class='ocrx_word' id='word_1_102' title='bbox 781 1210 923 1245; x_wconf 85' lang='lat' dir='ltr'>heretici</span> <span class='ocrx_word' id='word_1_103' title='bbox 950 1210 964 1244; x_wconf 96' lang='lat' dir='ltr'>I</span> 
     </span>
     <span class='ocr_line' id='line_1_18' title="bbox 257 1269 966 1311; baseline 0 -6"><span class='ocrx_word' id='word_1_104' title='bbox 257 1271 333 1310; x_wconf 85' lang='lat'>424,</span> <span class='ocrx_word' id='word_1_105' title='bbox 353 1272 379 1305; x_wconf 93' lang='lat'>1.</span> <span class='ocrx_word' id='word_1_106' title='bbox 396 1271 473 1311; x_wconf 89' lang='lat'>553,</span> <span class='ocrx_word' id='word_1_107' title='bbox 491 1271 542 1305; x_wconf 87' lang='lat'>13.</span> <span class='ocrx_word' id='word_1_108' title='bbox 563 1269 688 1311; x_wconf 91' lang='lat'>11211,</span> <span class='ocrx_word' id='word_1_109' title='bbox 703 1271 725 1305; x_wconf 96' lang='lat'>5</span> <span class='ocrx_word' id='word_1_110' title='bbox 739 1273 796 1305; x_wconf 76' lang='lat' dir='ltr'>cel.</span> <span class='ocrx_word' id='word_1_111' title='bbox 812 1270 966 1305; x_wconf 83' lang='lat' dir='ltr'>heretica</span> 
     </span>
     <span class='ocr_line' id='line_1_19' title="bbox 259 1329 964 1375; baseline 0.001 -11"><span class='ocrx_word' id='word_1_112' title='bbox 259 1330 398 1364; x_wconf 83' lang='lat' dir='ltr'>nouitas</span> <span class='ocrx_word' id='word_1_113' title='bbox 420 1329 548 1371; x_wconf 87' lang='lat'>11235,</span> <span class='ocrx_word' id='word_1_114' title='bbox 579 1330 629 1365; x_wconf 93' lang='grc'>16.</span> <span class='ocrx_word' id='word_1_115' title='bbox 658 1330 816 1375; x_wconf 88' lang='lat' dir='ltr'>prauitas</span> <span class='ocrx_word' id='word_1_116' title='bbox 846 1330 859 1365; x_wconf 97' lang='grc' dir='ltr'>Ι</span> <span class='ocrx_word' id='word_1_117' title='bbox 887 1331 964 1372; x_wconf 91' lang='grc'>447,</span> 
     </span>
     <span class='ocr_line' id='line_1_20' title="bbox 261 1389 696 1431; baseline 0 -6"><span class='ocrx_word' id='word_1_118' title='bbox 261 1391 310 1425; x_wconf 94' lang='grc'>17.</span> <span class='ocrx_word' id='word_1_119' title='bbox 337 1400 456 1424; x_wconf 86' lang='lat' dir='ltr'>sensus</span> <span class='ocrx_word' id='word_1_120' title='bbox 483 1389 518 1424; x_wconf 93' lang='lat' dir='ltr'>II</span> <span class='ocrx_word' id='word_1_121' title='bbox 544 1390 618 1431; x_wconf 85' lang='lat'>182,</span> <span class='ocrx_word' id='word_1_122' title='bbox 644 1391 696 1425; x_wconf 88' lang='grc'>20.</span> 
     </span>
    </p>
   </div>
   <div class='ocr_carea' id='block_1_6' title="bbox 214 1461 966 1682">
    <p class='ocr_par' dir='ltr' id='par_1_11' title="bbox 214 1461 966 1622">
     <span class='ocr_line' id='line_1_21' title="bbox 214 1461 966 1507; baseline 0 -11"><span class='ocrx_word' id='word_1_123' title='bbox 214 1462 408 1496; x_wconf 85' lang='lat' dir='ltr'>hesternus:</span> <span class='ocrx_word' id='word_1_124' title='bbox 453 1461 514 1507; x_wconf 88' lang='lat' dir='ltr'>qui</span> <span class='ocrx_word' id='word_1_125' title='bbox 557 1461 660 1506; x_wconf 85' lang='lat' dir='ltr'>(dies)</span> <span class='ocrx_word' id='word_1_126' title='bbox 703 1461 797 1496; x_wconf 90' lang='lat' dir='ltr'>nullo</span> <span class='ocrx_word' id='word_1_127' title='bbox 841 1461 966 1496; x_wconf 79' lang='lat' dir='ltr'>finitur</span> 
     </span>
     <span class='ocr_line' id='line_1_22' title="bbox 258 1521 965 1567; baseline 0.001 -12"><span class='ocrx_word' id='word_1_128' title='bbox 258 1521 421 1562; x_wconf 87' lang='lat' dir='ltr'>crastino,</span> <span class='ocrx_word' id='word_1_129' title='bbox 444 1521 537 1555; x_wconf 92' lang='lat' dir='ltr'>nullo</span> <span class='ocrx_word' id='word_1_130' title='bbox 558 1521 783 1567; x_wconf 89' lang='lat' dir='ltr'>praeuenitur</span> <span class='ocrx_word' id='word_1_131' title='bbox 804 1521 965 1556; x_wconf 82' lang='lat' dir='ltr'>hesterno</span> 
     </span>
     <span class='ocr_line' id='line_1_23' title="bbox 262 1580 451 1622; baseline 0.005 -7"><span class='ocrx_word' id='word_1_132' title='bbox 262 1580 293 1615; x_wconf 93' lang='lat' dir='ltr'>ll</span> <span class='ocrx_word' id='word_1_133' title='bbox 322 1582 395 1622; x_wconf 89' lang='lat'>192,</span> <span class='ocrx_word' id='word_1_134' title='bbox 420 1583 451 1616; x_wconf 88' lang='lat'>4.</span> 
     </span>
    </p>

    <p class='ocr_par' dir='ltr' id='par_1_12' title="bbox 214 1640 963 1682">
     <span class='ocr_line' id='line_1_24' title="bbox 214 1640 963 1682; baseline 0.001 -7"><span class='ocrx_word' id='word_1_135' title='bbox 214 1640 384 1675; x_wconf 85' lang='lat' dir='ltr'>hic—illic</span> <span class='ocrx_word' id='word_1_136' title='bbox 411 1640 425 1675; x_wconf 91' lang='lat'>1</span> <span class='ocrx_word' id='word_1_137' title='bbox 448 1641 525 1681; x_wconf 88' lang='lat'>558,</span> <span class='ocrx_word' id='word_1_138' title='bbox 543 1641 573 1675; x_wconf 90' lang='lat'>8.</span> <span class='ocrx_word' id='word_1_139' title='bbox 592 1641 669 1682; x_wconf 88' lang='grc'>559,</span> <span class='ocrx_word' id='word_1_140' title='bbox 693 1643 724 1676; x_wconf 88' lang='lat'>4.</span> <span class='ocrx_word' id='word_1_141' title='bbox 743 1641 820 1682; x_wconf 88' lang='grc'>567,</span> <span class='ocrx_word' id='word_1_142' title='bbox 840 1642 892 1676; x_wconf 91' lang='grc'>18.</span> <span class='ocrx_word' id='word_1_143' title='bbox 912 1642 963 1676; x_wconf 92' lang='lat'>19.</span> 
     </span>
    </p>
   </div>
   <div class='ocr_carea' id='block_1_7' title="bbox 214 1712 964 1813">
    <p class='ocr_par' dir='ltr' id='par_1_13' title="bbox 214 1712 964 1813">
     <span class='ocr_line' id='line_1_25' title="bbox 214 1712 964 1754; baseline 0.001 -7"><span class='ocrx_word' id='word_1_144' title='bbox 214 1713 368 1747; x_wconf 82' lang='lat' dir='ltr'>hilariter</span> <span class='ocrx_word' id='word_1_145' title='bbox 395 1717 430 1747; x_wconf 88' lang='lat' dir='ltr'>et</span> <span class='ocrx_word' id='word_1_146' title='bbox 457 1724 499 1747; x_wconf 88' lang='lat' dir='ltr'>ex</span> <span class='ocrx_word' id='word_1_147' title='bbox 528 1712 630 1747; x_wconf 90' lang='lat' dir='ltr'>corde</span> <span class='ocrx_word' id='word_1_148' title='bbox 658 1712 817 1747; x_wconf 87' lang='lat' dir='ltr'>faciendo</span> <span class='ocrx_word' id='word_1_149' title='bbox 847 1712 882 1747; x_wconf 94' lang='lat'>11</span> <span class='ocrx_word' id='word_1_150' title='bbox 913 1713 964 1754; x_wconf 90' lang='lat'>15,</span> 
     </span>
     <span class='ocr_line' id='line_1_26' title="bbox 258 1773 468 1813; baseline 0 -6"><span class='ocrx_word' id='word_1_151' title='bbox 258 1773 310 1807; x_wconf 91' lang='lat'>24.</span> <span class='ocrx_word' id='word_1_152' title='bbox 339 1773 390 1813; x_wconf 94' lang='lat'>18,</span> <span class='ocrx_word' id='word_1_153' title='bbox 418 1773 468 1808; x_wconf 93' lang='lat'>17.</span> 
     </span>
    </p>
   </div>
   <div class='ocr_carea' id='block_1_8' title="bbox 214 1843 966 2902">
    <p class='ocr_par' dir='ltr' id='par_1_14' title="bbox 214 1843 966 2902">
     <span class='ocr_line' id='line_1_27' title="bbox 214 1843 965 1890; baseline 0.001 -12"><span class='ocrx_word' id='word_1_154' title='bbox 214 1844 293 1878; x_wconf 88' lang='lat' dir='ltr'>hinc</span> <span class='ocrx_word' id='word_1_155' title='bbox 311 1848 362 1878; x_wconf 88' lang='lat' dir='ltr'>est</span> <span class='ocrx_word' id='word_1_156' title='bbox 382 1843 541 1889; x_wconf 79' lang='lat' dir='ltr'>quaestio</span> <span class='ocrx_word' id='word_1_157' title='bbox 562 1843 576 1878; x_wconf 95' lang='lat' dir='ltr'>I</span> <span class='ocrx_word' id='word_1_158' title='bbox 595 1844 672 1885; x_wconf 83' lang='lat'>431,</span> <span class='ocrx_word' id='word_1_159' title='bbox 693 1845 744 1880; x_wconf 92' lang='grc'>10.</span> <span class='ocrx_word' id='word_1_160' title='bbox 777 1855 866 1890; x_wconf 87' lang='lat' dir='ltr'>quae</span> <span class='ocrx_word' id='word_1_161' title='bbox 885 1844 965 1879; x_wconf 84' lang='lat' dir='ltr'>hinc</span> 
     </span>
     <span class='ocr_line' id='line_1_28' title="bbox 257 1902 965 1947; baseline 0.003 -10"><span class='ocrx_word' id='word_1_162' title='bbox 257 1903 397 1938; x_wconf 82' lang='lat' dir='ltr'>dicebat</span> <span class='ocrx_word' id='word_1_163' title='bbox 421 1902 435 1937; x_wconf 94' lang='lat'>1</span> <span class='ocrx_word' id='word_1_164' title='bbox 458 1904 534 1944; x_wconf 89' lang='lat'>243,</span> <span class='ocrx_word' id='word_1_165' title='bbox 558 1903 610 1944; x_wconf 90' lang='grc'>19,</span> <span class='ocrx_word' id='word_1_166' title='bbox 631 1905 674 1947; x_wconf 76' lang='lat' dir='ltr'>cl.</span> <span class='ocrx_word' id='word_1_167' title='bbox 699 1903 713 1938; x_wconf 93' lang='grc' dir='ltr'>Ι</span> <span class='ocrx_word' id='word_1_168' title='bbox 738 1905 789 1945; x_wconf 94' lang='grc'>11,</span> <span class='ocrx_word' id='word_1_169' title='bbox 812 1905 864 1939; x_wconf 88' lang='grc'>21.</span> <span class='ocrx_word' id='word_1_170' title='bbox 889 1905 965 1946; x_wconf 91' lang='grc'>190,</span> 
     </span>
     <span class='ocr_line' id='line_1_29' title="bbox 258 1962 964 2004; baseline 0.001 -7"><span class='ocrx_word' id='word_1_171' title='bbox 258 1963 311 1997; x_wconf 85' lang='grc'>26.</span> <span class='ocrx_word' id='word_1_172' title='bbox 327 1963 404 2003; x_wconf 91' lang='grc'>283,</span> <span class='ocrx_word' id='word_1_173' title='bbox 418 1963 448 1997; x_wconf 91' lang='grc'>9.</span> <span class='ocrx_word' id='word_1_174' title='bbox 464 1963 541 2004; x_wconf 88' lang='grc'>528,</span> <span class='ocrx_word' id='word_1_175' title='bbox 556 1963 608 1998; x_wconf 89' lang='grc'>23.</span> <span class='ocrx_word' id='word_1_176' title='bbox 624 1962 704 1997; x_wconf 86' lang='lat' dir='ltr'>hinc</span> <span class='ocrx_word' id='word_1_177' title='bbox 718 1963 784 1998; x_wconf 91' lang='lat' dir='ltr'>tibi</span> <span class='ocrx_word' id='word_1_178' title='bbox 797 1963 964 1998; x_wconf 87' lang='lat' dir='ltr'>maiorem</span> 
     </span>
     <span class='ocr_line' id='line_1_30' title="bbox 259 2021 965 2068; baseline 0 -11"><span class='ocrx_word' id='word_1_179' title='bbox 259 2033 382 2057; x_wconf 91' lang='lat' dir='ltr'>moueo</span> <span class='ocrx_word' id='word_1_180' title='bbox 403 2022 642 2068; x_wconf 80' lang='lat' dir='ltr'>quaestionem</span> <span class='ocrx_word' id='word_1_181' title='bbox 667 2021 680 2056; x_wconf 96' lang='lat' dir='ltr'>I</span> <span class='ocrx_word' id='word_1_182' title='bbox 701 2023 777 2064; x_wconf 90' lang='lat'>387,</span> <span class='ocrx_word' id='word_1_183' title='bbox 800 2024 851 2059; x_wconf 89' lang='lat'>13.</span> <span class='ocrx_word' id='word_1_184' title='bbox 885 2023 965 2057; x_wconf 86' lang='lat' dir='ltr'>hinc</span> 
     </span>
     <span class='ocr_line' id='line_1_31' title="bbox 258 2081 966 2128; baseline 0.003 -12"><span class='ocrx_word' id='word_1_185' title='bbox 258 2082 415 2128; x_wconf 86' lang='lat' dir='ltr'>superius</span> <span class='ocrx_word' id='word_1_186' title='bbox 431 2081 691 2128; x_wconf 87' lang='lat' dir='ltr'>disputauimus</span> <span class='ocrx_word' id='word_1_187' title='bbox 710 2082 724 2117; x_wconf 94' lang='lat' dir='ltr'>I</span> <span class='ocrx_word' id='word_1_188' title='bbox 741 2082 818 2124; x_wconf 88' lang='lat'>448,</span> <span class='ocrx_word' id='word_1_189' title='bbox 835 2085 866 2118; x_wconf 88' lang='lat'>4.</span> <span class='ocrx_word' id='word_1_190' title='bbox 884 2082 966 2118; x_wconf 85' lang='lat' dir='ltr'>hinc</span> 
     </span>
     <span class='ocr_line' id='line_1_32' title="bbox 259 2141 966 2188; baseline 0.003 -12"><span class='ocrx_word' id='word_1_191' title='bbox 259 2152 367 2187; x_wconf 85' lang='lat' dir='ltr'>angor</span> <span class='ocrx_word' id='word_1_192' title='bbox 393 2141 572 2188; x_wconf 88' lang='lat' dir='ltr'>paululum</span> <span class='ocrx_word' id='word_1_193' title='bbox 604 2141 619 2176; x_wconf 92' lang='lat'>1</span> <span class='ocrx_word' id='word_1_194' title='bbox 646 2142 723 2184; x_wconf 91' lang='lat'>304,</span> <span class='ocrx_word' id='word_1_195' title='bbox 753 2144 782 2178; x_wconf 93' lang='lat'>1.</span> <span class='ocrx_word' id='word_1_196' title='bbox 822 2142 903 2178; x_wconf 88' lang='lat' dir='ltr'>hinc</span> <span class='ocrx_word' id='word_1_197' title='bbox 930 2145 966 2178; x_wconf 80' lang='lat' dir='ltr'>et</span> 
     </span>
     <span class='ocr_line' id='line_1_33' title="bbox 258 2201 964 2244; baseline 0.001 -8"><span class='ocrx_word' id='word_1_198' title='bbox 258 2201 342 2236; x_wconf 89' lang='lat' dir='ltr'>nudi</span> <span class='ocrx_word' id='word_1_199' title='bbox 373 2206 474 2237; x_wconf 86' lang='lat' dir='ltr'>erant</span> <span class='ocrx_word' id='word_1_200' title='bbox 507 2201 521 2236; x_wconf 94' lang='lat'>1</span> <span class='ocrx_word' id='word_1_201' title='bbox 555 2202 630 2244; x_wconf 88' lang='lat'>107,</span> <span class='ocrx_word' id='word_1_202' title='bbox 662 2203 715 2237; x_wconf 90' lang='lat'>24.</span> <span class='ocrx_word' id='word_1_203' title='bbox 761 2202 841 2237; x_wconf 88' lang='lat' dir='ltr'>hinc</span> <span class='ocrx_word' id='word_1_204' title='bbox 872 2202 964 2238; x_wconf 90' lang='lat' dir='ltr'>enim</span> 
     </span>
     <span class='ocr_line' id='line_1_34' title="bbox 258 2260 965 2309; baseline 0.004 -14"><span class='ocrx_word' id='word_1_205' title='bbox 258 2261 425 2307; x_wconf 89' lang='lat' dir='ltr'>scriptum</span> <span class='ocrx_word' id='word_1_206' title='bbox 443 2265 496 2297; x_wconf 89' lang='lat' dir='ltr'>est</span> <span class='ocrx_word' id='word_1_207' title='bbox 515 2260 529 2296; x_wconf 95' lang='lat'>1</span> <span class='ocrx_word' id='word_1_208' title='bbox 547 2262 623 2303; x_wconf 91' lang='lat'>211,</span> <span class='ocrx_word' id='word_1_209' title='bbox 640 2262 671 2297; x_wconf 89' lang='grc'>9.</span> <span class='ocrx_word' id='word_1_210' title='bbox 702 2261 781 2297; x_wconf 90' lang='lat' dir='ltr'>hinc</span> <span class='ocrx_word' id='word_1_211' title='bbox 797 2261 867 2297; x_wconf 88' lang='lat' dir='ltr'>iam</span> <span class='ocrx_word' id='word_1_212' title='bbox 885 2273 965 2309; x_wconf 86' lang='lat' dir='ltr'>ergo</span> 
     </span>
     <span class='ocr_line' id='line_1_35' title="bbox 258 2320 965 2367; baseline 0.003 -12"><span class='ocrx_word' id='word_1_213' title='bbox 258 2320 426 2356; x_wconf 85' lang='lat' dir='ltr'>sollicitus</span> <span class='ocrx_word' id='word_1_214' title='bbox 440 2321 536 2367; x_wconf 91' lang='lat' dir='ltr'>coepi</span> <span class='ocrx_word' id='word_1_215' title='bbox 551 2320 662 2367; x_wconf 87' lang='lat' dir='ltr'>legere</span> <span class='ocrx_word' id='word_1_216' title='bbox 679 2320 693 2356; x_wconf 93' lang='lat'>1</span> <span class='ocrx_word' id='word_1_217' title='bbox 709 2322 787 2363; x_wconf 87' lang='lat'>240,</span> <span class='ocrx_word' id='word_1_218' title='bbox 803 2322 855 2358; x_wconf 88' lang='lat'>22.</span> <span class='ocrx_word' id='word_1_219' title='bbox 884 2322 965 2357; x_wconf 88' lang='lat' dir='ltr'>hinc</span> 
     </span>
     <span class='ocr_line' id='line_1_36' title="bbox 258 2380 964 2427; baseline 0.004 -12"><span class='ocrx_word' id='word_1_220' title='bbox 258 2381 327 2415; x_wconf 89' lang='lat' dir='ltr'>iam</span> <span class='ocrx_word' id='word_1_221' title='bbox 346 2380 397 2415; x_wconf 88' lang='lat' dir='ltr'>ita</span> <span class='ocrx_word' id='word_1_222' title='bbox 414 2391 616 2427; x_wconf 82' lang='lat' dir='ltr'>responsum</span> <span class='ocrx_word' id='word_1_223' title='bbox 634 2385 688 2416; x_wconf 87' lang='lat' dir='ltr'>est</span> <span class='ocrx_word' id='word_1_224' title='bbox 708 2380 722 2416; x_wconf 96' lang='lat' dir='ltr'>I</span> <span class='ocrx_word' id='word_1_225' title='bbox 741 2382 817 2423; x_wconf 87' lang='lat'>296,</span> <span class='ocrx_word' id='word_1_226' title='bbox 837 2383 867 2424; x_wconf 93' lang='lat'>1,</span> <span class='ocrx_word' id='word_1_227' title='bbox 884 2383 928 2427; x_wconf 79' lang='lat' dir='ltr'>cs.</span> <span class='ocrx_word' id='word_1_228' title='bbox 949 2381 964 2417; x_wconf 92' lang='grc' dir='ltr'><strong>Ι</strong></span> 
     </span>
     <span class='ocr_line' id='line_1_37' title="bbox 258 2440 965 2488; baseline 0.003 -13"><span class='ocrx_word' id='word_1_229' title='bbox 258 2441 313 2481; x_wconf 91' lang='lat'>31,</span> <span class='ocrx_word' id='word_1_230' title='bbox 337 2442 369 2475; x_wconf 90' lang='lat'>4.</span> <span class='ocrx_word' id='word_1_231' title='bbox 395 2440 424 2475; x_wconf 89' lang='lat' dir='ltr'>si</span> <span class='ocrx_word' id='word_1_232' title='bbox 447 2440 533 2486; x_wconf 89' lang='lat' dir='ltr'>quid</span> <span class='ocrx_word' id='word_1_233' title='bbox 556 2440 637 2476; x_wconf 82' lang='lat' dir='ltr'>hinc</span> <span class='ocrx_word' id='word_1_234' title='bbox 661 2440 824 2476; x_wconf 87' lang='lat' dir='ltr'>subtilius</span> <span class='ocrx_word' id='word_1_235' title='bbox 847 2441 965 2488; x_wconf 91' lang='lat' dir='ltr'>dispu-</span> 
     </span>
     <span class='ocr_line' id='line_1_38' title="bbox 258 2499 963 2545; baseline 0.004 -11"><span class='ocrx_word' id='word_1_236' title='bbox 258 2499 407 2534; x_wconf 83' lang='lat' dir='ltr'>tandum</span> <span class='ocrx_word' id='word_1_237' title='bbox 427 2503 481 2535; x_wconf 89' lang='lat' dir='ltr'>est</span> <span class='ocrx_word' id='word_1_238' title='bbox 503 2499 518 2534; x_wconf 94' lang='lat'>1</span> <span class='ocrx_word' id='word_1_239' title='bbox 537 2500 615 2542; x_wconf 89' lang='grc'>337,</span> <span class='ocrx_word' id='word_1_240' title='bbox 637 2502 690 2541; x_wconf 94' lang='grc'>11,</span> <span class='ocrx_word' id='word_1_241' title='bbox 709 2502 754 2545; x_wconf 74' lang='lat' dir='ltr'>cl.</span> <span class='ocrx_word' id='word_1_242' title='bbox 777 2500 792 2536; x_wconf 95' lang='lat'>1</span> <span class='ocrx_word' id='word_1_243' title='bbox 812 2502 888 2543; x_wconf 88' lang='lat'>271,</span> <span class='ocrx_word' id='word_1_244' title='bbox 911 2502 963 2537; x_wconf 89' lang='lat'>16.</span> 
     </span>
     <span class='ocr_line' id='line_1_39' title="bbox 258 2559 966 2601; baseline 0.003 -6"><span class='ocrx_word' id='word_1_245' title='bbox 258 2560 335 2600; x_wconf 87' lang='lat'>433,</span> <span class='ocrx_word' id='word_1_246' title='bbox 368 2561 420 2595; x_wconf 87' lang='grc'>14.</span> <span class='ocrx_word' id='word_1_247' title='bbox 451 2559 529 2601; x_wconf 89' lang='grc'>448,</span> <span class='ocrx_word' id='word_1_248' title='bbox 560 2559 592 2595; x_wconf 90' lang='grc'>9.</span> <span class='ocrx_word' id='word_1_249' title='bbox 623 2562 666 2595; x_wconf 78' lang='lat' dir='ltr'>ut</span> <span class='ocrx_word' id='word_1_250' title='bbox 695 2559 776 2595; x_wconf 84' lang='lat' dir='ltr'>hinc</span> <span class='ocrx_word' id='word_1_251' title='bbox 805 2561 912 2596; x_wconf 81' lang='lat' dir='ltr'>etiam</span> <span class='ocrx_word' id='word_1_252' title='bbox 943 2571 966 2597; x_wconf 87' lang='lat' dir='ltr'>a</span> 
     </span>
     <span class='ocr_line' id='line_1_40' title="bbox 259 2618 966 2662; baseline 0.003 -8"><span class='ocrx_word' id='word_1_253' title='bbox 259 2618 426 2654; x_wconf 79' lang='lat' dir='ltr'>fratribus</span> <span class='ocrx_word' id='word_1_254' title='bbox 449 2618 670 2655; x_wconf 76' lang='lat' dir='ltr'>consulamur</span> <span class='ocrx_word' id='word_1_255' title='bbox 695 2618 710 2654; x_wconf 95' lang='lat'>1</span> <span class='ocrx_word' id='word_1_256' title='bbox 735 2620 810 2662; x_wconf 88' lang='grc'>139,</span> <span class='ocrx_word' id='word_1_257' title='bbox 836 2621 888 2656; x_wconf 93' lang='grc'>18.</span> <span class='ocrx_word' id='word_1_258' title='bbox 924 2624 966 2656; x_wconf 79' lang='lat' dir='ltr'>ut</span> 
     </span>
     <span class='ocr_line' id='line_1_41' title="bbox 258 2677 966 2725; baseline 0.003 -11"><span class='ocrx_word' id='word_1_259' title='bbox 258 2677 340 2714; x_wconf 85' lang='lat' dir='ltr'>hinc</span> <span class='ocrx_word' id='word_1_260' title='bbox 353 2678 543 2725; x_wconf 78' lang='lat' dir='ltr'>aliquando</span> <span class='ocrx_word' id='word_1_261' title='bbox 556 2678 646 2715; x_wconf 79' lang='lat' dir='ltr'>fides</span> <span class='ocrx_word' id='word_1_262' title='bbox 660 2678 851 2715; x_wconf 80' lang='lat' dir='ltr'>christiana</span> <span class='ocrx_word' id='word_1_263' title='bbox 865 2679 966 2716; x_wconf 91' lang='lat' dir='ltr'>dubi-</span> 
     </span>
     <span class='ocr_line' id='line_1_42' title="bbox 259 2737 966 2785; baseline 0.004 -12"><span class='ocrx_word' id='word_1_264' title='bbox 259 2737 390 2774; x_wconf 81' lang='lat' dir='ltr'>tauen&#39;t</span> <span class='ocrx_word' id='word_1_265' title='bbox 403 2737 419 2773; x_wconf 93' lang='lat'>1</span> <span class='ocrx_word' id='word_1_266' title='bbox 430 2738 508 2780; x_wconf 88' lang='grc'>546,</span> <span class='ocrx_word' id='word_1_267' title='bbox 522 2739 574 2774; x_wconf 87' lang='grc'>12.</span> <span class='ocrx_word' id='word_1_268' title='bbox 599 2738 681 2774; x_wconf 85' lang='lat' dir='ltr'>hinc</span> <span class='ocrx_word' id='word_1_269' title='bbox 692 2749 774 2785; x_wconf 85' lang='lat' dir='ltr'>ergo</span> <span class='ocrx_word' id='word_1_270' title='bbox 785 2738 966 2777; x_wconf 72' lang='lat' dir='ltr'>consentio</span> 
     </span>
     <span class='ocr_line' id='line_1_43' title="bbox 261 2795 966 2845; baseline 0.003 -13"><span class='ocrx_word' id='word_1_271' title='bbox 261 2795 278 2832; x_wconf 95' lang='lat'>1</span> <span class='ocrx_word' id='word_1_272' title='bbox 303 2797 382 2839; x_wconf 83' lang='lat'>440,</span> <span class='ocrx_word' id='word_1_273' title='bbox 409 2797 462 2834; x_wconf 87' lang='lat'>13.</span> <span class='ocrx_word' id='word_1_274' title='bbox 502 2797 602 2834; x_wconf 82' lang='lat' dir='ltr'>uides</span> <span class='ocrx_word' id='word_1_275' title='bbox 628 2802 764 2845; x_wconf 79' lang='lat' dir='ltr'>quanta</span> <span class='ocrx_word' id='word_1_276' title='bbox 788 2798 870 2834; x_wconf 80' lang='lat' dir='ltr'>hine</span> <span class='ocrx_word' id='word_1_277' title='bbox 896 2796 966 2834; x_wconf 85' lang='lat' dir='ltr'>dici</span> 
     </span>
     <span class='ocr_line' id='line_1_44' title="bbox 259 2855 964 2902; baseline 0.004 -10"><span class='ocrx_word' id='word_1_278' title='bbox 259 2859 403 2902; x_wconf 79' lang='lat' dir='ltr'>possent</span> <span class='ocrx_word' id='word_1_279' title='bbox 416 2855 524 2900; x_wconf 78' lang='lat'>1370,</span> <span class='ocrx_word' id='word_1_280' title='bbox 535 2856 737 2900; x_wconf 85' lang='lat'>24;11104‚</span> <span class='ocrx_word' id='word_1_281' title='bbox 750 2858 897 2901; x_wconf 85' lang='grc'>24.150,</span> <span class='ocrx_word' id='word_1_282' title='bbox 909 2859 964 2895; x_wconf 83' lang='grc'>20.</span> 
     </span>
    </p>
   </div>
   <div class='ocr_carea' id='block_1_9' title="bbox 1712 227 1792 272">
    <p class='ocr_par' dir='ltr' id='par_1_15' title="bbox 1712 227 1792 272">
     <span class='ocr_line' id='line_1_45' title="bbox 1712 227 1792 272; baseline 0.025 -2"><span class='ocrx_word' id='word_1_283' title='bbox 1712 227 1792 272; x_wconf 89' lang='grc'>667</span> 
     </span>
    </p>
   </div>
   <div class='ocr_carea' id='block_1_10' title="bbox 1039 350 1794 514">
    <p class='ocr_par' dir='ltr' id='par_1_16' title="bbox 1039 350 1794 514">
     <span class='ocr_line' id='line_1_46' title="bbox 1086 350 1794 392; baseline 0.004 -7"><span class='ocrx_word' id='word_1_284' title='bbox 1086 350 1161 390; x_wconf 88' lang='lat'>156,</span> <span class='ocrx_word' id='word_1_285' title='bbox 1191 350 1241 385; x_wconf 92' lang='lat'>10.</span> <span class='ocrx_word' id='word_1_286' title='bbox 1270 350 1346 391; x_wconf 87' lang='lat'>227,</span> <span class='ocrx_word' id='word_1_287' title='bbox 1372 350 1404 385; x_wconf 91' lang='grc'>5.</span> <span class='ocrx_word' id='word_1_288' title='bbox 1435 351 1486 386; x_wconf 93' lang='grc'>13.</span> <span class='ocrx_word' id='word_1_289' title='bbox 1515 351 1591 392; x_wconf 88' lang='grc'>242,</span> <span class='ocrx_word' id='word_1_290' title='bbox 1620 352 1672 387; x_wconf 92' lang='grc'>19.</span> <span class='ocrx_word' id='word_1_291' title='bbox 1713 352 1794 388; x_wconf 82' lang='grc' dir='ltr'>1ιίηο</span> 
     </span>
     <span class='ocr_line' id='line_1_47' title="bbox 1084 409 1517 455; baseline 0.005 -11"><span class='ocrx_word' id='word_1_292' title='bbox 1084 414 1192 455; x_wconf 90' lang='lat' dir='ltr'>atque</span> <span class='ocrx_word' id='word_1_293' title='bbox 1215 409 1296 444; x_wconf 90' lang='lat' dir='ltr'>inde</span> <span class='ocrx_word' id='word_1_294' title='bbox 1324 409 1336 444; x_wconf 90' lang='lat' dir='ltr'>l</span> <span class='ocrx_word' id='word_1_295' title='bbox 1362 410 1438 451; x_wconf 87' lang='grc'>465,</span> <span class='ocrx_word' id='word_1_296' title='bbox 1464 411 1517 446; x_wconf 87' lang='grc'>27.</span> 
     </span>
     <span class='ocr_line' id='line_1_48' title="bbox 1039 469 1792 514; baseline 0.007 -11"><span class='ocrx_word' id='word_1_297' title='bbox 1039 469 1178 504; x_wconf 88' lang='lat' dir='ltr'>hincine</span> <span class='ocrx_word' id='word_1_298' title='bbox 1209 479 1278 503; x_wconf 93' lang='lat' dir='ltr'>non</span> <span class='ocrx_word' id='word_1_299' title='bbox 1309 469 1551 505; x_wconf 83' lang='lat' dir='ltr'>erubesceret?</span> <span class='ocrx_word' id='word_1_300' title='bbox 1587 470 1621 505; x_wconf 93' lang='lat'>11</span> <span class='ocrx_word' id='word_1_301' title='bbox 1653 472 1728 514; x_wconf 90' lang='lat'>219,</span> <span class='ocrx_word' id='word_1_302' title='bbox 1761 474 1792 508; x_wconf 91' lang='grc'>4.</span> 
     </span>
    </p>
   </div>
   <div class='ocr_carea' id='block_1_11' title="bbox 1039 540 1792 823">
    <p class='ocr_par' dir='ltr' id='par_1_17' title="bbox 1040 540 1792 647">
     <span class='ocr_line' id='line_1_49' title="bbox 1040 540 1792 584; baseline 0.005 -9"><span class='ocrx_word' id='word_1_303' title='bbox 1040 541 1104 575; x_wconf 89' lang='lat' dir='ltr'>hoc</span> <span class='ocrx_word' id='word_1_304' title='bbox 1119 540 1209 575; x_wconf 88' lang='lat' dir='ltr'>idem</span> <span class='ocrx_word' id='word_1_305' title='bbox 1225 541 1277 576; x_wconf 89' lang='lat' dir='ltr'>ita</span> <span class='ocrx_word' id='word_1_306' title='bbox 1290 541 1420 576; x_wconf 91' lang='lat' dir='ltr'>dicitur</span> <span class='ocrx_word' id='word_1_307' title='bbox 1436 541 1450 576; x_wconf 93' lang='lat' dir='ltr'>I</span> <span class='ocrx_word' id='word_1_308' title='bbox 1468 543 1519 584; x_wconf 89' lang='lat'>13,</span> <span class='ocrx_word' id='word_1_309' title='bbox 1537 544 1566 578; x_wconf 94' lang='lat'>1.</span> <span class='ocrx_word' id='word_1_310' title='bbox 1595 543 1659 578; x_wconf 88' lang='lat' dir='ltr'>hoc</span> <span class='ocrx_word' id='word_1_311' title='bbox 1673 548 1792 579; x_wconf 89' lang='lat' dir='ltr'>autern</span> 
     </span>
     <span class='ocr_line' id='line_1_50' title="bbox 1084 600 1792 647; baseline 0.007 -13"><span class='ocrx_word' id='word_1_312' title='bbox 1084 601 1217 646; x_wconf 85' lang='lat' dir='ltr'>aliquid</span> <span class='ocrx_word' id='word_1_313' title='bbox 1232 600 1310 646; x_wconf 85' lang='lat' dir='ltr'>quis</span> <span class='ocrx_word' id='word_1_314' title='bbox 1325 601 1435 647; x_wconf 86' lang='lat' dir='ltr'>possit</span> <span class='ocrx_word' id='word_1_315' title='bbox 1449 602 1621 637; x_wconf 82' lang='lat' dir='ltr'>scrutari?</span> <span class='ocrx_word' id='word_1_316' title='bbox 1640 602 1654 638; x_wconf 96' lang='lat' dir='ltr'>I</span> <span class='ocrx_word' id='word_1_317' title='bbox 1669 604 1745 646; x_wconf 89' lang='lat'>229,</span> <span class='ocrx_word' id='word_1_318' title='bbox 1760 604 1792 639; x_wconf 87' lang='grc'>5.</span> 
     </span>
    </p>

    <p class='ocr_par' dir='ltr' id='par_1_18' title="bbox 1039 660 1792 761">
     <span class='ocr_line' id='line_1_51' title="bbox 1039 660 1792 706; baseline 0.005 -11"><span class='ocrx_word' id='word_1_319' title='bbox 1039 660 1212 706; x_wconf 86' lang='lat' dir='ltr'>hodieque</span> <span class='ocrx_word' id='word_1_320' title='bbox 1242 660 1255 695; x_wconf 97' lang='lat' dir='ltr'>I</span> <span class='ocrx_word' id='word_1_321' title='bbox 1286 662 1360 701; x_wconf 83' lang='lat'>138,</span> <span class='ocrx_word' id='word_1_322' title='bbox 1390 662 1441 697; x_wconf 84' lang='lat'>13.</span> <span class='ocrx_word' id='word_1_323' title='bbox 1469 663 1546 704; x_wconf 88' lang='grc'>327,</span> <span class='ocrx_word' id='word_1_324' title='bbox 1575 663 1627 698; x_wconf 93' lang='grc'>22.</span> <span class='ocrx_word' id='word_1_325' title='bbox 1656 664 1732 705; x_wconf 89' lang='grc'>449,</span> <span class='ocrx_word' id='word_1_326' title='bbox 1760 664 1792 699; x_wconf 88' lang='grc'>6.</span> 
     </span>
     <span class='ocr_line' id='line_1_52' title="bbox 1087 719 1301 761; baseline 0 -6"><span class='ocrx_word' id='word_1_327' title='bbox 1087 719 1121 755; x_wconf 92' lang='grc' dir='ltr'>ΙΙ</span> <span class='ocrx_word' id='word_1_328' title='bbox 1146 721 1222 761; x_wconf 88' lang='grc'>219,</span> <span class='ocrx_word' id='word_1_329' title='bbox 1248 721 1301 756; x_wconf 93' lang='lat'>21.</span> 
     </span>
    </p>

    <p class='ocr_par' dir='ltr' id='par_1_19' title="bbox 1039 779 1545 823">
     <span class='ocr_line' id='line_1_53' title="bbox 1039 779 1545 823; baseline 0.004 -9"><span class='ocrx_word' id='word_1_330' title='bbox 1039 780 1226 815; x_wconf 89' lang='lat' dir='ltr'>hodiernus</span> <span class='ocrx_word' id='word_1_331' title='bbox 1250 780 1324 814; x_wconf 87' lang='lat' dir='ltr'>dies</span> <span class='ocrx_word' id='word_1_332' title='bbox 1352 779 1365 814; x_wconf 96' lang='lat' dir='ltr'>I</span> <span class='ocrx_word' id='word_1_333' title='bbox 1390 781 1467 823; x_wconf 90' lang='lat'>498,</span> <span class='ocrx_word' id='word_1_334' title='bbox 1494 782 1545 816; x_wconf 88' lang='lat'>18.</span> 
     </span>
    </p>
   </div>
   <div class='ocr_carea' id='block_1_12' title="bbox 1039 851 1795 1134">
    <p class='ocr_par' dir='ltr' id='par_1_20' title="bbox 1039 851 1791 953">
     <span class='ocr_line' id='line_1_54' title="bbox 1039 851 1791 896; baseline 0.007 -11"><span class='ocrx_word' id='word_1_335' title='bbox 1039 851 1265 886; x_wconf 89' lang='lat' dir='ltr'>homicidium</span> <span class='ocrx_word' id='word_1_336' title='bbox 1293 851 1306 886; x_wconf 96' lang='lat' dir='ltr'>I</span> <span class='ocrx_word' id='word_1_337' title='bbox 1332 852 1406 894; x_wconf 89' lang='lat'>177,</span> <span class='ocrx_word' id='word_1_338' title='bbox 1429 853 1460 887; x_wconf 89' lang='lat'>6.</span> <span class='ocrx_word' id='word_1_339' title='bbox 1484 853 1561 894; x_wconf 88' lang='lat'>496,</span> <span class='ocrx_word' id='word_1_340' title='bbox 1584 854 1637 889; x_wconf 89' lang='lat'>29.</span> <span class='ocrx_word' id='word_1_341' title='bbox 1660 855 1737 896; x_wconf 89' lang='lat'>502,</span> <span class='ocrx_word' id='word_1_342' title='bbox 1761 856 1791 890; x_wconf 91' lang='lat'>7.</span> 
     </span>
     <span class='ocr_line' id='line_1_55' title="bbox 1083 911 1215 953; baseline 0 -7"><span class='ocrx_word' id='word_1_343' title='bbox 1083 912 1160 953; x_wconf 91' lang='lat'>553,</span> <span class='ocrx_word' id='word_1_344' title='bbox 1184 911 1215 946; x_wconf 92' lang='lat'>5.</span> 
     </span>
    </p>

    <p class='ocr_par' dir='ltr' id='par_1_21' title="bbox 1039 970 1795 1134">
     <span class='ocr_line' id='line_1_56' title="bbox 1039 970 1791 1015; baseline 0.007 -10"><span class='ocrx_word' id='word_1_345' title='bbox 1039 971 1197 1006; x_wconf 92' lang='lat' dir='ltr'>homines</span> <span class='ocrx_word' id='word_1_346' title='bbox 1218 971 1272 1005; x_wconf 85' lang='lat' dir='ltr'>dei</span> <span class='ocrx_word' id='word_1_347' title='bbox 1298 970 1310 1005; x_wconf 94' lang='lat'>1</span> <span class='ocrx_word' id='word_1_348' title='bbox 1333 972 1410 1012; x_wconf 87' lang='lat'>432,</span> <span class='ocrx_word' id='word_1_349' title='bbox 1433 972 1485 1007; x_wconf 93' lang='lat'>24.</span> <span class='ocrx_word' id='word_1_350' title='bbox 1508 973 1585 1014; x_wconf 89' lang='grc'>456,</span> <span class='ocrx_word' id='word_1_351' title='bbox 1607 975 1638 1009; x_wconf 91' lang='grc'>3.</span> <span class='ocrx_word' id='word_1_352' title='bbox 1661 975 1738 1015; x_wconf 89' lang='grc'>492,</span> <span class='ocrx_word' id='word_1_353' title='bbox 1761 975 1791 1010; x_wconf 91' lang='grc'>7.</span> 
     </span>
     <span class='ocr_line' id='line_1_57' title="bbox 1083 1030 1795 1072; baseline 0.006 -7"><span class='ocrx_word' id='word_1_354' title='bbox 1083 1031 1230 1065; x_wconf 90' lang='lat' dir='ltr'>intimus</span> <span class='ocrx_word' id='word_1_355' title='bbox 1246 1031 1349 1065; x_wconf 91' lang='lat' dir='ltr'>homo</span> <span class='ocrx_word' id='word_1_356' title='bbox 1370 1030 1384 1065; x_wconf 94' lang='lat'>1</span> <span class='ocrx_word' id='word_1_357' title='bbox 1399 1032 1478 1072; x_wconf 89' lang='grc'>400,</span> <span class='ocrx_word' id='word_1_358' title='bbox 1494 1033 1547 1067; x_wconf 90' lang='grc'>26.</span> <span class='ocrx_word' id='word_1_359' title='bbox 1578 1033 1682 1068; x_wconf 90' lang='lat' dir='ltr'>homo</span> <span class='ocrx_word' id='word_1_360' title='bbox 1699 1034 1795 1069; x_wconf 85' lang='lat' dir='ltr'>Chri·</span> 
     </span>
     <span class='ocr_line' id='line_1_58' title="bbox 1085 1090 1721 1134; baseline 0.006 -9"><span class='ocrx_word' id='word_1_361' title='bbox 1085 1096 1159 1125; x_wconf 87' lang='lat' dir='ltr'>stus</span> <span class='ocrx_word' id='word_1_362' title='bbox 1188 1090 1283 1125; x_wconf 88' lang='lat' dir='ltr'>Iesus</span> <span class='ocrx_word' id='word_1_363' title='bbox 1311 1090 1324 1125; x_wconf 93' lang='lat'>1</span> <span class='ocrx_word' id='word_1_364' title='bbox 1351 1091 1405 1132; x_wconf 91' lang='grc'>46,</span> <span class='ocrx_word' id='word_1_365' title='bbox 1433 1092 1484 1127; x_wconf 90' lang='lat'>23.</span> <span class='ocrx_word' id='word_1_366' title='bbox 1528 1091 1562 1127; x_wconf 89' lang='grc' dir='ltr'>ΙΙ</span> <span class='ocrx_word' id='word_1_367' title='bbox 1591 1094 1664 1134; x_wconf 88' lang='lat'>193,</span> <span class='ocrx_word' id='word_1_368' title='bbox 1690 1095 1721 1129; x_wconf 91' lang='lat'>8.</span> 
     </span>
    </p>
   </div>
   <div class='ocr_carea' id='block_1_13' title="bbox 1039 1162 1795 1504">
    <p class='ocr_par' dir='ltr' id='par_1_22' title="bbox 1039 1162 1795 1328">
     <span class='ocr_line' id='line_1_59' title="bbox 1039 1162 1794 1210; baseline 0.004 -12"><span class='ocrx_word' id='word_1_369' title='bbox 1039 1163 1219 1198; x_wconf 84' lang='lat' dir='ltr'>honestas:</span> <span class='ocrx_word' id='word_1_370' title='bbox 1242 1162 1301 1197; x_wconf 86' lang='lat' dir='ltr'>ubi</span> <span class='ocrx_word' id='word_1_371' title='bbox 1322 1168 1374 1197; x_wconf 85' lang='lat' dir='ltr'>est</span> <span class='ocrx_word' id='word_1_372' title='bbox 1395 1163 1563 1209; x_wconf 72' lang='lat' dir='ltr'>cogitatio</span> <span class='ocrx_word' id='word_1_373' title='bbox 1584 1165 1794 1210; x_wconf 83' lang='lat' dir='ltr'>qualiscum-</span> 
     </span>
     <span class='ocr_line' id='line_1_60' title="bbox 1085 1222 1795 1268; baseline 0.007 -12"><span class='ocrx_word' id='word_1_374' title='bbox 1085 1234 1152 1268; x_wconf 91' lang='lat' dir='ltr'>que</span> <span class='ocrx_word' id='word_1_375' title='bbox 1169 1222 1389 1257; x_wconf 80' lang='lat' dir='ltr'>honestatis?</span> <span class='ocrx_word' id='word_1_376' title='bbox 1412 1222 1444 1257; x_wconf 95' lang='grc' dir='ltr'>ΙΙ</span> <span class='ocrx_word' id='word_1_377' title='bbox 1462 1225 1539 1265; x_wconf 89' lang='lat'>317,</span> <span class='ocrx_word' id='word_1_378' title='bbox 1557 1225 1610 1259; x_wconf 89' lang='lat'>25.</span> <span class='ocrx_word' id='word_1_379' title='bbox 1629 1225 1795 1261; x_wconf 87' lang='lat' dir='ltr'>honestas</span> 
     </span>
     <span class='ocr_line' id='line_1_61' title="bbox 1084 1281 1689 1328; baseline 0.005 -11"><span class='ocrx_word' id='word_1_380' title='bbox 1084 1282 1288 1328; x_wconf 85' lang='lat' dir='ltr'>nuptiarum</span> <span class='ocrx_word' id='word_1_381' title='bbox 1317 1281 1330 1316; x_wconf 92' lang='lat'>1</span> <span class='ocrx_word' id='word_1_382' title='bbox 1354 1283 1432 1324; x_wconf 90' lang='grc'>450,</span> <span class='ocrx_word' id='word_1_383' title='bbox 1458 1284 1509 1319; x_wconf 90' lang='grc'>19.</span> <span class='ocrx_word' id='word_1_384' title='bbox 1534 1284 1611 1326; x_wconf 84' lang='grc'>502,</span> <span class='ocrx_word' id='word_1_385' title='bbox 1638 1286 1689 1320; x_wconf 89' lang='grc'>17.</span> 
     </span>
    </p>

    <p class='ocr_par' dir='ltr' id='par_1_23' title="bbox 1039 1342 1795 1504">
     <span class='ocr_line' id='line_1_62' title="bbox 1039 1342 1794 1386; baseline 0.005 -9"><span class='ocrx_word' id='word_1_386' title='bbox 1039 1343 1207 1377; x_wconf 85' lang='lat' dir='ltr'>honestus</span> <span class='ocrx_word' id='word_1_387' title='bbox 1233 1342 1441 1377; x_wconf 80' lang='lat' dir='ltr'>concubitus</span> <span class='ocrx_word' id='word_1_388' title='bbox 1471 1342 1504 1377; x_wconf 95' lang='lat' dir='ltr'>II</span> <span class='ocrx_word' id='word_1_389' title='bbox 1534 1344 1611 1386; x_wconf 88' lang='lat'>220,</span> <span class='ocrx_word' id='word_1_390' title='bbox 1641 1346 1691 1380; x_wconf 92' lang='lat'>19.</span> <span class='ocrx_word' id='word_1_391' title='bbox 1734 1346 1794 1381; x_wconf 91' lang='lat' dir='ltr'>ho·</span> 
     </span>
     <span class='ocr_line' id='line_1_63' title="bbox 1084 1401 1795 1447; baseline 0.006 -10"><span class='ocrx_word' id='word_1_392' title='bbox 1084 1401 1217 1437; x_wconf 88' lang='lat' dir='ltr'>nestius</span> <span class='ocrx_word' id='word_1_393' title='bbox 1242 1402 1441 1447; x_wconf 85' lang='lat' dir='ltr'>exemplum</span> <span class='ocrx_word' id='word_1_394' title='bbox 1471 1402 1505 1437; x_wconf 96' lang='lat' dir='ltr'>II</span> <span class='ocrx_word' id='word_1_395' title='bbox 1532 1404 1608 1445; x_wconf 90' lang='lat'>222,</span> <span class='ocrx_word' id='word_1_396' title='bbox 1636 1406 1666 1440; x_wconf 90' lang='lat'>2.</span> <span class='ocrx_word' id='word_1_397' title='bbox 1705 1406 1795 1440; x_wconf 68' lang='lat' dir='ltr'>dmi-</span> 
     </span>
     <span class='ocr_line' id='line_1_64' title="bbox 1084 1461 1437 1504; baseline 0.006 -8"><span class='ocrx_word' id='word_1_398' title='bbox 1084 1462 1216 1497; x_wconf 90' lang='lat' dir='ltr'>derium</span> <span class='ocrx_word' id='word_1_399' title='bbox 1246 1461 1279 1496; x_wconf 95' lang='lat' dir='ltr'>II</span> <span class='ocrx_word' id='word_1_400' title='bbox 1305 1462 1381 1504; x_wconf 89' lang='lat'>283,</span> <span class='ocrx_word' id='word_1_401' title='bbox 1406 1462 1437 1498; x_wconf 87' lang='lat'>8.</span> 
     </span>
    </p>
   </div>
   <div class='ocr_carea' id='block_1_14' title="bbox 1038 1533 1795 1994">
    <p class='ocr_par' dir='ltr' id='par_1_24' title="bbox 1038 1533 1793 1639">
     <span class='ocr_line' id='line_1_65' title="bbox 1038 1533 1793 1579; baseline 0.004 -10"><span class='ocrx_word' id='word_1_402' title='bbox 1038 1533 1258 1569; x_wconf 81' lang='lat' dir='ltr'>honorabiles</span> <span class='ocrx_word' id='word_1_403' title='bbox 1288 1533 1463 1579; x_wconf 86' lang='lat' dir='ltr'>(nuptiae)</span> <span class='ocrx_word' id='word_1_404' title='bbox 1491 1534 1526 1569; x_wconf 92' lang='lat' dir='ltr'>in</span> <span class='ocrx_word' id='word_1_405' title='bbox 1556 1536 1719 1571; x_wconf 89' lang='lat' dir='ltr'>omnibus</span> <span class='ocrx_word' id='word_1_406' title='bbox 1748 1538 1793 1572; x_wconf 88' lang='lat' dir='ltr'>ad</span> 
     </span>
     <span class='ocr_line' id='line_1_66' title="bbox 1084 1593 1792 1639; baseline 0.007 -11"><span class='ocrx_word' id='word_1_407' title='bbox 1084 1605 1142 1629; x_wconf 87' lang='lat' dir='ltr'>eas</span> <span class='ocrx_word' id='word_1_408' title='bbox 1166 1593 1424 1639; x_wconf 86' lang='lat' dir='ltr'>pertinentibus</span> <span class='ocrx_word' id='word_1_409' title='bbox 1449 1593 1549 1629; x_wconf 91' lang='lat' dir='ltr'>bonis</span> <span class='ocrx_word' id='word_1_410' title='bbox 1576 1595 1611 1630; x_wconf 95' lang='lat' dir='ltr'>II</span> <span class='ocrx_word' id='word_1_411' title='bbox 1636 1597 1712 1637; x_wconf 86' lang='lat'>239,</span> <span class='ocrx_word' id='word_1_412' title='bbox 1741 1598 1792 1633; x_wconf 88' lang='lat'>15.</span> 
     </span>
    </p>

    <p class='ocr_par' dir='ltr' id='par_1_25' title="bbox 1039 1653 1584 1695">
     <span class='ocr_line' id='line_1_67' title="bbox 1039 1653 1584 1695; baseline 0.004 -7"><span class='ocrx_word' id='word_1_413' title='bbox 1039 1653 1229 1688; x_wconf 78' lang='lat' dir='ltr'>honorifice</span> <span class='ocrx_word' id='word_1_414' title='bbox 1253 1653 1366 1688; x_wconf 87' lang='lat' dir='ltr'>dicere</span> <span class='ocrx_word' id='word_1_415' title='bbox 1393 1653 1427 1688; x_wconf 91' lang='grc' dir='ltr'>ΙΙ</span> <span class='ocrx_word' id='word_1_416' title='bbox 1452 1654 1506 1695; x_wconf 90' lang='lat'>94,</span> <span class='ocrx_word' id='word_1_417' title='bbox 1534 1656 1584 1690; x_wconf 91' lang='lat'>14.</span> 
     </span>
    </p>

    <p class='ocr_par' dir='ltr' id='par_1_26' title="bbox 1040 1713 1795 1994">
     <span class='ocr_line' id='line_1_68' title="bbox 1040 1713 1795 1759; baseline 0.005 -12"><span class='ocrx_word' id='word_1_418' title='bbox 1040 1714 1208 1748; x_wconf 88' lang='lat' dir='ltr'>honorare</span> <span class='ocrx_word' id='word_1_419' title='bbox 1226 1713 1334 1759; x_wconf 87' lang='lat' dir='ltr'>legem</span> <span class='ocrx_word' id='word_1_420' title='bbox 1354 1713 1408 1747; x_wconf 92' lang='lat' dir='ltr'>dei</span> <span class='ocrx_word' id='word_1_421' title='bbox 1430 1713 1464 1748; x_wconf 91' lang='lat'>11</span> <span class='ocrx_word' id='word_1_422' title='bbox 1481 1714 1535 1755; x_wconf 89' lang='lat'>68,</span> <span class='ocrx_word' id='word_1_423' title='bbox 1556 1717 1607 1750; x_wconf 87' lang='lat'>14.</span> <span class='ocrx_word' id='word_1_424' title='bbox 1639 1716 1687 1750; x_wconf 84' lang='lat' dir='ltr'>sic</span> <span class='ocrx_word' id='word_1_425' title='bbox 1705 1717 1795 1752; x_wconf 87' lang='lat' dir='ltr'>alius</span> 
     </span>
     <span class='ocr_line' id='line_1_69' title="bbox 1085 1772 1795 1822; baseline 0.007 -15"><span class='ocrx_word' id='word_1_426' title='bbox 1085 1773 1194 1819; x_wconf 81' lang='lat' dir='ltr'>gratis</span> <span class='ocrx_word' id='word_1_427' title='bbox 1210 1773 1402 1807; x_wconf 87' lang='lat' dir='ltr'>honoratur</span> <span class='ocrx_word' id='word_1_428' title='bbox 1420 1772 1433 1807; x_wconf 96' lang='lat' dir='ltr'>I</span> <span class='ocrx_word' id='word_1_429' title='bbox 1450 1774 1526 1815; x_wconf 88' lang='lat'>474,</span> <span class='ocrx_word' id='word_1_430' title='bbox 1544 1775 1574 1809; x_wconf 86' lang='lat'>2.</span> <span class='ocrx_word' id='word_1_431' title='bbox 1605 1776 1795 1822; x_wconf 87' lang='lat' dir='ltr'>prophetas</span> 
     </span>
     <span class='ocr_line' id='line_1_70' title="bbox 1084 1832 1795 1871; baseline 0.006 -4"><span class='ocrx_word' id='word_1_432' title='bbox 1084 1832 1213 1868; x_wconf 89' lang='lat' dir='ltr'>debitis</span> <span class='ocrx_word' id='word_1_433' title='bbox 1237 1833 1273 1867; x_wconf 89' lang='lat' dir='ltr'>in</span> <span class='ocrx_word' id='word_1_434' title='bbox 1301 1833 1365 1867; x_wconf 89' lang='lat' dir='ltr'>deo</span> <span class='ocrx_word' id='word_1_435' title='bbox 1392 1832 1555 1868; x_wconf 88' lang='lat' dir='ltr'>laudibus</span> <span class='ocrx_word' id='word_1_436' title='bbox 1582 1835 1795 1871; x_wconf 89' lang='lat' dir='ltr'>honoramus</span> 
     </span>
     <span class='ocr_line' id='line_1_71' title="bbox 1087 1892 1793 1933; baseline 0.004 -5"><span class='ocrx_word' id='word_1_437' title='bbox 1087 1892 1101 1928; x_wconf 96' lang='lat' dir='ltr'>I</span> <span class='ocrx_word' id='word_1_438' title='bbox 1140 1893 1217 1933; x_wconf 90' lang='lat'>518,</span> <span class='ocrx_word' id='word_1_439' title='bbox 1259 1893 1309 1927; x_wconf 91' lang='lat'>17.</span> <span class='ocrx_word' id='word_1_440' title='bbox 1363 1892 1563 1928; x_wconf 85' lang='lat' dir='ltr'>honorande</span> <span class='ocrx_word' id='word_1_441' title='bbox 1606 1894 1717 1930; x_wconf 80' lang='lat' dir='ltr'>Valeri</span> <span class='ocrx_word' id='word_1_442' title='bbox 1758 1895 1793 1931; x_wconf 94' lang='lat' dir='ltr'>II</span> 
     </span>
     <span class='ocr_line' id='line_1_72' title="bbox 1084 1952 1216 1994; baseline 0 -7"><span class='ocrx_word' id='word_1_443' title='bbox 1084 1952 1161 1994; x_wconf 88' lang='lat'>253,</span> <span class='ocrx_word' id='word_1_444' title='bbox 1185 1954 1216 1987; x_wconf 89' lang='lat'>4.</span> 
     </span>
    </p>
   </div>
   <div class='ocr_carea' id='block_1_15' title="bbox 1038 2023 1796 2905">
    <p class='ocr_par' dir='ltr' id='par_1_27' title="bbox 1039 2023 1795 2307">
     <span class='ocr_line' id='line_1_73' title="bbox 1039 2023 1792 2068; baseline 0.007 -10"><span class='ocrx_word' id='word_1_445' title='bbox 1039 2024 1176 2059; x_wconf 90' lang='lat' dir='ltr'>horrere</span> <span class='ocrx_word' id='word_1_446' title='bbox 1201 2023 1358 2058; x_wconf 87' lang='lat' dir='ltr'>sentibus</span> <span class='ocrx_word' id='word_1_447' title='bbox 1381 2023 1549 2059; x_wconf 90' lang='lat' dir='ltr'>uitiorum</span> <span class='ocrx_word' id='word_1_448' title='bbox 1578 2024 1612 2059; x_wconf 93' lang='lat' dir='ltr'>II</span> <span class='ocrx_word' id='word_1_449' title='bbox 1638 2026 1713 2068; x_wconf 89' lang='grc'>140,</span> <span class='ocrx_word' id='word_1_450' title='bbox 1740 2027 1792 2063; x_wconf 91' lang='grc'>16.</span> 
     </span>
     <span class='ocr_line' id='line_1_74' title="bbox 1084 2083 1791 2127; baseline 0.006 -9"><span class='ocrx_word' id='word_1_451' title='bbox 1084 2083 1270 2118; x_wconf 90' lang='lat' dir='ltr'>horrentur</span> <span class='ocrx_word' id='word_1_452' title='bbox 1283 2083 1428 2118; x_wconf 86' lang='lat' dir='ltr'>uulnera</span> <span class='ocrx_word' id='word_1_453' title='bbox 1440 2087 1476 2118; x_wconf 88' lang='lat' dir='ltr'>et</span> <span class='ocrx_word' id='word_1_454' title='bbox 1488 2084 1602 2119; x_wconf 89' lang='lat' dir='ltr'>morbi</span> <span class='ocrx_word' id='word_1_455' title='bbox 1618 2084 1633 2119; x_wconf 96' lang='lat' dir='ltr'>I</span> <span class='ocrx_word' id='word_1_456' title='bbox 1648 2086 1722 2127; x_wconf 88' lang='lat'>161,</span> <span class='ocrx_word' id='word_1_457' title='bbox 1740 2088 1791 2122; x_wconf 89' lang='lat'>13.</span> 
     </span>
     <span class='ocr_line' id='line_1_75' title="bbox 1085 2143 1795 2189; baseline 0.004 -11"><span class='ocrx_word' id='word_1_458' title='bbox 1085 2154 1163 2178; x_wconf 89' lang='lat' dir='ltr'>cum</span> <span class='ocrx_word' id='word_1_459' title='bbox 1194 2154 1313 2179; x_wconf 91' lang='lat' dir='ltr'>eorum</span> <span class='ocrx_word' id='word_1_460' title='bbox 1343 2143 1508 2189; x_wconf 84' lang='lat' dir='ltr'>profanas</span> <span class='ocrx_word' id='word_1_461' title='bbox 1538 2154 1664 2179; x_wconf 89' lang='lat' dir='ltr'>uocum</span> <span class='ocrx_word' id='word_1_462' title='bbox 1695 2146 1795 2181; x_wconf 89' lang='lat' dir='ltr'>noui·</span> 
     </span>
     <span class='ocr_line' id='line_1_76' title="bbox 1085 2202 1793 2248; baseline 0.006 -10"><span class='ocrx_word' id='word_1_463' title='bbox 1085 2206 1177 2238; x_wconf 86' lang='lat' dir='ltr'>tates</span> <span class='ocrx_word' id='word_1_464' title='bbox 1192 2202 1335 2238; x_wconf 84' lang='lat' dir='ltr'>ecclesia</span> <span class='ocrx_word' id='word_1_465' title='bbox 1351 2203 1479 2238; x_wconf 83' lang='lat' dir='ltr'>Christi</span> <span class='ocrx_word' id='word_1_466' title='bbox 1494 2203 1667 2240; x_wconf 89' lang='lat' dir='ltr'>horruerit</span> <span class='ocrx_word' id='word_1_467' title='bbox 1684 2204 1700 2240; x_wconf 94' lang='lat'>1</span> <span class='ocrx_word' id='word_1_468' title='bbox 1715 2206 1793 2248; x_wconf 87' lang='lat'>542,</span> 
     </span>
     <span class='ocr_line' id='line_1_77' title="bbox 1086 2262 1432 2307; baseline -0.003 -8"><span class='ocrx_word' id='word_1_469' title='bbox 1086 2264 1144 2304; x_wconf 77' lang='lat'>193</span> <span class='ocrx_word' id='word_1_470' title='bbox 1167 2264 1211 2307; x_wconf 77' lang='lat' dir='ltr'>cl.</span> <span class='ocrx_word' id='word_1_471' title='bbox 1238 2262 1253 2297; x_wconf 95' lang='lat' dir='ltr'>I</span> <span class='ocrx_word' id='word_1_472' title='bbox 1277 2263 1354 2305; x_wconf 89' lang='lat'>568,</span> <span class='ocrx_word' id='word_1_473' title='bbox 1379 2263 1432 2298; x_wconf 87' lang='lat'>26.</span> 
     </span>
    </p>

    <p class='ocr_par' dir='ltr' id='par_1_28' title="bbox 1038 2323 1794 2484">
     <span class='ocr_line' id='line_1_78' title="bbox 1038 2323 1791 2365; baseline 0.003 -7"><span class='ocrx_word' id='word_1_474' title='bbox 1038 2323 1217 2358; x_wconf 90' lang='lat' dir='ltr'>horreum:</span> <span class='ocrx_word' id='word_1_475' title='bbox 1239 2333 1260 2358; x_wconf 90' lang='lat' dir='ltr'>a</span> <span class='ocrx_word' id='word_1_476' title='bbox 1279 2334 1342 2358; x_wconf 88' lang='lat' dir='ltr'>suo</span> <span class='ocrx_word' id='word_1_477' title='bbox 1363 2326 1529 2365; x_wconf 90' lang='lat' dir='ltr'>creatore,</span> <span class='ocrx_word' id='word_1_478' title='bbox 1550 2323 1611 2358; x_wconf 91' lang='lat' dir='ltr'>ubi</span> <span class='ocrx_word' id='word_1_479' title='bbox 1631 2323 1791 2360; x_wconf 90' lang='lat' dir='ltr'>horreum</span> 
     </span>
     <span class='ocr_line' id='line_1_79' title="bbox 1083 2382 1794 2428; baseline 0.003 -11"><span class='ocrx_word' id='word_1_480' title='bbox 1083 2382 1158 2418; x_wconf 91' lang='lat' dir='ltr'>eius</span> <span class='ocrx_word' id='word_1_481' title='bbox 1177 2386 1213 2417; x_wconf 86' lang='lat' dir='ltr'>et</span> <span class='ocrx_word' id='word_1_482' title='bbox 1233 2382 1311 2418; x_wconf 83' lang='lat' dir='ltr'>fons</span> <span class='ocrx_word' id='word_1_483' title='bbox 1330 2382 1404 2418; x_wconf 89' lang='lat' dir='ltr'>eius</span> <span class='ocrx_word' id='word_1_484' title='bbox 1423 2386 1477 2418; x_wconf 88' lang='lat' dir='ltr'>est</span> <span class='ocrx_word' id='word_1_485' title='bbox 1500 2382 1514 2417; x_wconf 96' lang='lat' dir='ltr'>I</span> <span class='ocrx_word' id='word_1_486' title='bbox 1536 2383 1589 2425; x_wconf 87' lang='lat'>76,</span> <span class='ocrx_word' id='word_1_487' title='bbox 1612 2384 1670 2424; x_wconf 89' lang='lat'>22;</span> <span class='ocrx_word' id='word_1_488' title='bbox 1690 2385 1733 2428; x_wconf 84' lang='lat' dir='ltr'>cl.</span> <span class='ocrx_word' id='word_1_489' title='bbox 1759 2384 1794 2419; x_wconf 92' lang='lat'>11</span> 
     </span>
     <span class='ocr_line' id='line_1_80' title="bbox 1084 2443 1216 2484; baseline -0.008 -6"><span class='ocrx_word' id='word_1_490' title='bbox 1084 2443 1161 2484; x_wconf 89' lang='lat'>283,</span> <span class='ocrx_word' id='word_1_491' title='bbox 1185 2443 1216 2478; x_wconf 90' lang='lat'>9.</span> 
     </span>
    </p>

    <p class='ocr_par' dir='ltr' id='par_1_29' title="bbox 1038 2501 1796 2603">
     <span class='ocr_line' id='line_1_81' title="bbox 1038 2501 1796 2548; baseline 0.003 -11"><span class='ocrx_word' id='word_1_492' title='bbox 1038 2501 1215 2538; x_wconf 91' lang='lat' dir='ltr'>horribilis</span> <span class='ocrx_word' id='word_1_493' title='bbox 1243 2501 1372 2537; x_wconf 88' lang='lat' dir='ltr'>heresis</span> <span class='ocrx_word' id='word_1_494' title='bbox 1391 2501 1501 2543; x_wconf 80' lang='grc'>1460,</span> <span class='ocrx_word' id='word_1_495' title='bbox 1532 2503 1584 2537; x_wconf 93' lang='grc'>10.</span> <span class='ocrx_word' id='word_1_496' title='bbox 1616 2502 1711 2548; x_wconf 90' lang='lat' dir='ltr'>quod</span> <span class='ocrx_word' id='word_1_497' title='bbox 1741 2507 1796 2539; x_wconf 79' lang='lat' dir='ltr'>est</span> 
     </span>
     <span class='ocr_line' id='line_1_82' title="bbox 1084 2560 1502 2603; baseline 0.002 -7"><span class='ocrx_word' id='word_1_498' title='bbox 1084 2561 1282 2597; x_wconf 83' lang='lat' dir='ltr'>horribilius</span> <span class='ocrx_word' id='word_1_499' title='bbox 1308 2560 1322 2596; x_wconf 94' lang='lat'>1</span> <span class='ocrx_word' id='word_1_500' title='bbox 1349 2564 1423 2603; x_wconf 85' lang='lat'>144,</span> <span class='ocrx_word' id='word_1_501' title='bbox 1449 2562 1502 2597; x_wconf 89' lang='lat'>23.</span> 
     </span>
    </p>

    <p class='ocr_par' dir='ltr' id='par_1_30' title="bbox 1039 2620 1793 2776">
     <span class='ocr_line' id='line_1_83' title="bbox 1039 2620 1793 2667; baseline 0.001 -11"><span class='ocrx_word' id='word_1_502' title='bbox 1039 2621 1160 2656; x_wconf 90' lang='lat' dir='ltr'>horror</span> <span class='ocrx_word' id='word_1_503' title='bbox 1186 2621 1441 2667; x_wconf 84' lang='lat' dir='ltr'>profunditatis</span> <span class='ocrx_word' id='word_1_504' title='bbox 1470 2620 1485 2656; x_wconf 95' lang='grc' dir='ltr'><strong>Ι</strong></span> <span class='ocrx_word' id='word_1_505' title='bbox 1513 2621 1591 2662; x_wconf 89' lang='grc'>475,</span> <span class='ocrx_word' id='word_1_506' title='bbox 1619 2621 1674 2663; x_wconf 89' lang='grc'>25,</span> <span class='ocrx_word' id='word_1_507' title='bbox 1702 2623 1746 2666; x_wconf 76' lang='lat' dir='ltr'>cl.</span> <span class='ocrx_word' id='word_1_508' title='bbox 1777 2621 1793 2657; x_wconf 95' lang='lat'>1</span> 
     </span>
     <span class='ocr_line' id='line_1_84' title="bbox 1083 2679 1793 2724; baseline 0.001 -7"><span class='ocrx_word' id='word_1_509' title='bbox 1083 2681 1139 2722; x_wconf 88' lang='grc'>28,</span> <span class='ocrx_word' id='word_1_510' title='bbox 1161 2681 1192 2716; x_wconf 88' lang='grc'>7.</span> <span class='ocrx_word' id='word_1_511' title='bbox 1227 2680 1372 2716; x_wconf 89' lang='lat' dir='ltr'>humani</span> <span class='ocrx_word' id='word_1_512' title='bbox 1393 2691 1513 2716; x_wconf 85' lang='lat' dir='ltr'>sensus</span> <span class='ocrx_word' id='word_1_513' title='bbox 1534 2680 1655 2716; x_wconf 90' lang='lat' dir='ltr'>horror</span> <span class='ocrx_word' id='word_1_514' title='bbox 1678 2679 1694 2715; x_wconf 91' lang='grc' dir='ltr'>Ι</span> <span class='ocrx_word' id='word_1_515' title='bbox 1714 2681 1793 2724; x_wconf 85' lang='grc'>548,</span> 
     </span>
     <span class='ocr_line' id='line_1_85' title="bbox 1084 2741 1137 2776; baseline -0.019 0"><span class='ocrx_word' id='word_1_516' title='bbox 1084 2741 1137 2776; x_wconf 91' lang='grc'>13.</span> 
     </span>
    </p>

    <p class='ocr_par' dir='ltr' id='par_1_31' title="bbox 1038 2798 1539 2842">
     <span class='ocr_line' id='line_1_86' title="bbox 1038 2798 1539 2842; baseline 0.002 -7"><span class='ocrx_word' id='word_1_517' title='bbox 1038 2799 1173 2835; x_wconf 85' lang='lat' dir='ltr'>hostias</span> <span class='ocrx_word' id='word_1_518' title='bbox 1195 2799 1320 2835; x_wconf 73' lang='lat' dir='ltr'>offerre</span> <span class='ocrx_word' id='word_1_519' title='bbox 1346 2798 1381 2834; x_wconf 94' lang='lat'>11</span> <span class='ocrx_word' id='word_1_520' title='bbox 1405 2799 1461 2842; x_wconf 89' lang='grc'>38,</span> <span class='ocrx_word' id='word_1_521' title='bbox 1485 2800 1539 2836; x_wconf 91' lang='grc'>23.</span> 
     </span>
    </p>

    <p class='ocr_par' dir='ltr' id='par_1_32' title="bbox 1038 2858 1701 2905">
     <span class='ocr_line' id='line_1_87' title="bbox 1038 2858 1701 2905; baseline 0.002 -11"><span class='ocrx_word' id='word_1_522' title='bbox 1038 2859 1107 2895; x_wconf 86' lang='lat' dir='ltr'>huo</span> <span class='ocrx_word' id='word_1_523' title='bbox 1129 2858 1222 2894; x_wconf 89' lang='lat' dir='ltr'>enim</span> <span class='ocrx_word' id='word_1_524' title='bbox 1245 2859 1407 2905; x_wconf 88' lang='lat' dir='ltr'>peruenit</span> <span class='ocrx_word' id='word_1_525' title='bbox 1432 2858 1466 2894; x_wconf 88' lang='lat'>11</span> <span class='ocrx_word' id='word_1_526' title='bbox 1491 2859 1568 2901; x_wconf 89' lang='grc'>293,</span> <span class='ocrx_word' id='word_1_527' title='bbox 1591 2859 1622 2895; x_wconf 90' lang='grc'>6.</span> <span class='ocrx_word' id='word_1_528' title='bbox 1649 2859 1701 2896; x_wconf 92' lang='grc'>15.</span> 
     </span>
    </p>
   </div>
  </div>
 </body>
</html>
