2028 3204
593 161 660 199 111.
687 162 796 198 Index
821 162 1007 198 uerborum
1030 165 1067 198 et
1089 161 1326 198 elocutionum

173 282 316 330 aliquis:
337 282 471 329 aliquid
491 282 707 318 adiuuantur
734 281 749 317 1
772 282 850 323 331,
877 281 929 317 16.

219 342 354 389 aliquid
390 342 464 378 eius
503 341 518 377 1
553 342 631 383 396,
668 342 722 378 20.
759 341 836 382 413,
874 341 927 376 24.

219 403 296 444 415,
320 405 348 438 1.
370 401 425 438 uel
444 413 487 437 ex
506 401 616 437 nihilo
636 401 691 437 uel
710 412 753 437 ex
771 400 890 447 aliquo
914 399 927 436 l

219 463 298 504 339,
333 463 386 498 23.
422 465 503 507 post
536 461 655 507 aliqua
691 460 726 496 11
764 461 838 502 168,
875 461 926 496 18.

219 521 345 568 aliquis
360 521 449 557 alter
469 520 483 556 l
501 522 555 563 22,
571 522 603 557 3.
622 520 651 556 si
667 520 799 567 aliquid
819 520 877 562 17,
895 522 926 556 3.

223 582 274 623 19,
304 582 355 617 16.
382 582 438 622 30,
466 581 518 616 15.
547 581 600 622 72,
629 582 659 616 1.
689 581 764 622 112,
793 581 844 616 18.
873 580 926 616 25.

219 643 297 682 340,
333 643 361 676 1.
395 642 472 682 341,
506 642 536 676 4.
571 640 645 675 sine
677 640 796 686 aliqua
828 639 928 686 (ulla)

219 700 388 736 dilatione
416 700 429 735 1
453 700 531 741 335,
558 701 609 736 17.
635 701 712 742 431,
736 702 767 736 4.
792 700 869 741 432,
894 700 926 735 6.

1673 157 1753 202 625

1004 280 1187 317 alteruter:
1214 281 1276 327 qui
1300 281 1493 327 (coniuges)
1517 280 1562 316 ab
1587 281 1757 316 alterutro

1049 340 1202 387 separati
1216 344 1298 376 sunt
1316 340 1350 376 ll
1366 341 1442 382 223,
1460 341 1511 376 16.
1529 341 1581 376 18.
1597 340 1755 376 debitum

1047 400 1093 436 ab
1107 400 1277 435 alterutro
1292 401 1405 436 carnis
1419 404 1613 446 exposcunt
1631 399 1665 436 11
1681 401 1756 442 229,

1048 461 1079 496 9.
1101 471 1144 495 ex
1165 460 1334 495 alterutro
1357 460 1544 507 temperari
1568 459 1582 495 1
1604 461 1680 502 280,
1706 462 1756 495 16.

1002 519 1109 555 altius
1137 520 1331 566 praesidere
1362 519 1378 555 Ι
1406 521 1483 562 423,
1514 522 1565 556 11.
1595 520 1624 555 si
1652 520 1758 555 altius

1047 579 1321 626 intellegendum
1347 583 1399 614 est
1427 579 1442 614 I
1466 580 1543 621 531,
1581 580 1633 615 17.
1659 579 1757 614 altis-

1047 639 1134 674 sime
1171 640 1214 674 de
1251 651 1287 674 se
1314 639 1390 685 ipso
1419 639 1506 674 dicit
1537 638 1571 674 11
1609 640 1664 682 32,
1703 640 1755 675 24.

1047 699 1108 745 qui
1129 690 1239 734 ⁴uocat
1264 699 1369 734 altius
1397 699 1431 734 ll
1456 701 1511 741 44,
1536 700 1567 734 6.

220 771 262 795 ne
285 759 418 806 ahquid
445 759 479 794 ll
502 761 557 801 34,
581 760 612 795 6.
636 761 691 801 51,
719 761 769 795 10.
796 760 871 800 107,
894 761 926 795 4.
962 745 965 784 Ι
1002 758 1170 794 amabiles
1188 770 1290 794 carne
1310 758 1344 794 II
1363 760 1439 801 228,
1459 760 1516 800 12;
1534 760 1576 802 cs.
1598 758 1611 793 1
1630 760 1706 800 463,
1725 762 1755 793 9.

174 820 386 866 aliquotiens
413 819 447 855 ΙΙ
474 821 549 861 209,
575 822 606 855 4.

174 879 276 915 aliter
295 879 423 914 sentire
446 879 459 914 l
483 880 557 921 129,
577 879 608 915 5.
645 878 679 914 ll
702 880 778 920 100,
797 879 829 914 5.
852 879 927 920 118,

223 941 274 975 13.
295 940 370 980 173,
390 939 441 975 16.
460 950 580 985 sapere
600 938 615 974 1
631 940 709 980 304,
726 940 759 974 6.
778 939 854 980 464,
874 940 926 974 11.

174 999 331 1034 aliunde:
353 1010 464 1045 neque
483 999 577 1033 enim
597 998 738 1033 aliunde
758 1009 864 1044 quam
884 998 927 1033 de

220 1058 373 1105 corporis
391 1058 640 1093 resurrectione
656 1058 797 1093 dicebat
818 1057 832 1093 1
852 1059 927 1099 120,

219 1119 251 1153 5.
288 1123 350 1153 aut
386 1117 526 1153 aliunde
562 1117 671 1153 facit?
712 1117 746 1152 11
782 1118 858 1159 286,
897 1120 925 1153 1.

174 1178 278 1213 alius:
306 1178 357 1224 (=
377 1178 481 1221 alter)
506 1178 630 1212 horum
656 1177 904 1223 (geminorum)
963 1203 965 1211 ,

219 1238 292 1273 sine
312 1237 487 1283 baptismo
507 1237 699 1283 exspirauit
719 1248 821 1279 unus,
839 1237 928 1272 alius

222 1297 423 1343 baptizatus
448 1297 461 1332 l
483 1298 560 1338 474,
582 1298 636 1332 25.
660 1298 736 1338 475,
758 1298 790 1333 3.
814 1299 844 1332 4.
869 1298 927 1337 2Ο;

219 1358 263 1401 cl.
291 1356 305 1391 1
330 1358 383 1398 29,
411 1359 439 1392 1.
466 1358 497 1392 2.
521 1359 553 1393 3.
579 1359 610 1393 4.
636 1358 712 1398 474,
740 1359 768 1393 1.
794 1358 871 1398 499,
895 1358 926 1393 3.

223 1416 257 1451 11
275 1417 350 1458 150,
366 1418 417 1452 13.
433 1417 469 1451 in
482 1416 568 1451 alios
582 1421 617 1452 et
630 1416 717 1451 alios
731 1416 929 1452 intellectus

224 1476 237 1511 1
256 1477 330 1516 135,
346 1478 377 1511 4.
394 1476 430 1510 ἰῐι
445 1476 523 1511 aliis
537 1481 644 1522 atque
659 1476 736 1511 aliis
751 1476 929 1512 codicibus
964 1506 965 1510 ,

224 1535 354 1577 11313,
376 1537 412 1577 2;
432 1537 475 1580 cs.
498 1536 513 1571 Ι
535 1537 609 1577 194,
633 1538 683 1572 14.
707 1537 758 1572 15.
797 1536 830 1571 ΙΙ
853 1538 928 1579 133,

221 1597 274 1631 22.

174 1639 338 1701 allegatio
363 1655 563 1690 orationum
591 1655 606 1690 1
630 1656 708 1697 490,
733 1657 763 1691 9.

174 1714 301 1760 allego:
323 1726 410 1761 quos
431 1714 593 1761 (libellos)
612 1715 750 1750 iudiciis
770 1715 928 1750 ecclesia-

220 1774 317 1809 sticis
351 1774 517 1820 allegauit
552 1774 587 1810 11
623 1776 698 1817 149,
732 1776 786 1811 30.
822 1775 929 1821 gestis

220 1833 462 1869 ecclesiasticis
487 1834 651 1880 allegauit
678 1834 864 1881 (libellum)
894 1834 928 1870 11

223 1894 298 1934 153,
336 1895 388 1929 11.
428 1883 503 1935 169,
541 1895 600 1936 24;
635 1895 678 1938 cs.
719 1894 858 1936 11104,
895 1895 926 1930 8.

224 1953 298 1994 106,
325 1953 377 1988 15.

174 2012 358 2058 allegorica
399 2012 654 2058 significatione
699 2013 713 2047 l
754 2014 831 2055 497,
874 2014 927 2049 23.

224 2071 257 2107 Il
283 2073 338 2114 66,
364 2072 416 2108 23.

174 2131 295 2178 alligo:
329 2131 531 2167 uniuersum
564 2143 689 2178 corpus
721 2132 769 2167 illi
802 2132 930 2179 (nerui)

220 2190 367 2237 alligant
401 2190 413 2226 1
445 2192 522 2233 386,
554 2192 591 2234 9;
622 2193 665 2236 cl.
700 2191 734 2227 II
766 2193 842 2235 203,
876 2193 927 2228 17.

175 2250 285 2286 altare
307 2250 421 2286 cordis
445 2250 460 2286 1
483 2251 560 2293 263,
584 2253 636 2287 12.
660 2251 787 2287 altaria
808 2252 930 2287 catho-

221 2310 287 2346 lica
314 2309 328 2345 1
352 2311 430 2352 378,
457 2313 509 2346 14.

176 2369 340 2405 altereor:
367 2380 439 2405 non
462 2369 638 2416 loquendo
664 2374 700 2406 et
726 2371 929 2407 altercando

224 2428 239 2463 1
263 2429 341 2471 384,
367 2430 420 2465 12.

176 2487 328 2525 alterno:
353 2488 551 2525 alternante
574 2500 731 2525 sermone
755 2495 888 2526 certare
914 2490 930 2525 1

220 2548 300 2590 331,
311 2549 343 2584 3.
358 2547 499 2584 defectu
510 2552 547 2584 et
559 2548 719 2595 proiectu
731 2549 930 2585 alternante

224 2606 241 2642 1
264 2608 342 2650 490,
367 2608 420 2643 24.

176 2666 321 2703 alternis
350 2666 498 2702 uocibus
531 2666 546 2702 1
577 2668 656 2710 490,
690 2669 741 2704 18.
775 2668 930 2705 nutrien-

222 2725 348 2762 dorum
379 2736 486 2773 opera
516 2726 652 2763 alterna
685 2727 860 2774 pullorum
895 2727 932 2764 11

223 2785 300 2828 215,
324 2785 357 2822 8.

272 2854 337 2884 Lx.
353 2854 476 2891 August.
493 2855 567 2886 vm
585 2864 651 2892 pm
670 2857 693 2886 1.
712 2856 791 2885 Vrbs
807 2860 836 2885 et
856 2857 964 2892 zyohs.

962 789 965 856 1
1002 819 1203 854 amaritudo
1228 819 1369 854 oleastri
1396 817 1431 854 II
1457 819 1532 860 248,
1559 820 1612 854 21.

1002 883 1140 914 amator
1153 878 1338 924 pudendae
1352 878 1548 924 uoluptatis
1564 877 1597 913 11
1612 879 1688 920 283,
1703 880 1756 913 21.

1048 938 1197 984 religiosi
1246 942 1421 973 amatores
1472 942 1507 973 et
1557 938 1757 973 laudatores

1047 998 1213 1034 uidentur
1233 998 1301 1034 sibi
1322 1010 1395 1033 esse
1416 1003 1618 1033 sanctorum
1644 997 1658 1032 I
1680 999 1757 1039 503,

1047 1058 1101 1094 28.

1002 1118 1167 1164 ambages
1182 1118 1417 1153 dubitationis
1435 1117 1449 1152 I
1465 1118 1542 1159 417,
1558 1118 1588 1153 2.
1605 1117 1758 1153 obscuri-

1048 1178 1134 1213 tatis
1151 1177 1185 1212 ΙΙ
1201 1179 1276 1219 170,
1290 1179 1406 1222 24;01.
1424 1177 1438 1212 1
1454 1178 1528 1219 148,
1545 1178 1596 1213 12.
1611 1178 1689 1219 382,
1704 1178 1756 1212 23.

1002 1237 1143 1284 ambigo
1158 1248 1233 1272 cum
1248 1248 1315 1272 acc.
1333 1240 1361 1272 et
1378 1237 1441 1281 ins.
1460 1237 1475 1272 I
1491 1238 1545 1279 26,
1563 1237 1615 1272 25.
1633 1238 1687 1278 77,
1704 1238 1756 1272 20.

1050 1298 1126 1340 130,
1153 1298 1205 1333 10.
1234 1298 1309 1339 145,
1337 1299 1388 1333 19.
1416 1298 1493 1339 221,
1520 1298 1573 1332 26.
1601 1298 1676 1338 237,
1706 1299 1756 1332 ll.

1051 1356 1086 1392 II
1114 1358 1191 1398 298,
1220 1358 1251 1393 9.
1281 1357 1422 1403 ambigo
1450 1357 1545 1402 quod
1577 1356 1592 1391 l
1619 1358 1696 1398 322,
1729 1359 1756 1391 1.

1003 1417 1217 1464 ambiguitas
1238 1417 1424 1452 uerborum
1450 1416 1484 1451 11
1507 1417 1582 1458 126,
1605 1417 1658 1452 22.
1683 1417 1756 1457 158,

1050 1478 1107 1518 17;
1132 1478 1175 1521 cl.
1204 1476 1219 1511 Ι
1246 1478 1321 1519 120,
1348 1478 1377 1512 2.
1407 1478 1481 1517 134,
1510 1478 1550 1512 18
1575 1481 1631 1511 cet.

1003 1537 1169 1582 ambiguo
1187 1537 1280 1582 (opp.
1300 1537 1495 1582 perspicue)
1512 1536 1608 1582 loqui
1629 1535 1663 1570 Il
1682 1537 1756 1576 269,

1049 1598 1102 1632 22.

1003 1657 1169 1702 ambigua
1194 1656 1402 1702 generalitas
1430 1655 1465 1690 ll
1492 1656 1566 1696 157,
1594 1658 1645 1691 18.

1003 1716 1182 1751 ambustio
1206 1720 1349 1751 aeterna
1377 1715 1391 1750 1
1417 1717 1493 1757 219,
1518 1716 1550 1750 5.

1003 1776 1160 1811 amicitia
1189 1787 1279 1822 quae
1309 1787 1378 1811 non
1408 1775 1548 1810 aliunde
1578 1786 1684 1820 quam
1715 1786 1757 1809 ex

1048 1847 1166 1871 amore
1201 1846 1330 1870 nomen
1364 1835 1500 1880 accepit
1539 1834 1553 1869 I
1589 1836 1666 1874 423,
1705 1836 1756 1869 12.

1002 1895 1117 1930 amica
1140 1895 1323 1941 diligentia
1351 1894 1365 1929 l
1389 1896 1466 1935 303,
1491 1895 1523 1929 5.

1002 1959 1100 1990 amat
1124 1954 1220 2000 loqui
1248 1954 1262 1989 1
1287 1956 1364 1996 329,
1392 1955 1443 1990 17.
1469 1954 1512 1989 de
1538 1953 1653 1988 uerbis
1679 1964 1758 1988 con-

1049 2014 1192 2050 tendere
1215 2025 1286 2049 non
1308 2024 1469 2049 amamus
1495 2013 1510 2048 1
1533 2014 1610 2055 469,
1635 2015 1665 2048 9.

1003 2077 1169 2110 amoueto
1193 2074 1285 2109 hunc
1309 2085 1449 2109 sensum
1475 2072 1510 2108 11
1533 2073 1610 2114 315,
1634 2074 1665 2108 7.

1004 2133 1241 2180 amplectendi
1267 2133 1437 2180 (tempus)
1467 2132 1502 2168 11
1530 2134 1606 2174 227,
1635 2135 1665 2168 4.

1004 2193 1187 2240 amplexus
1213 2193 1249 2229 ΙΙ
1274 2194 1350 2235 227,
1376 2196 1407 2229 4.
1434 2194 1511 2234 230,
1537 2194 1590 2228 21.

1003 2253 1198 2300 amplifico:
1254 2253 1358 2288 modo
1413 2252 1668 2288 misericordiae
1723 2258 1754 2285 vt

1048 2313 1216 2349 effectum
1247 2313 1441 2360 amplificet
1472 2316 1507 2348 et
1538 2312 1707 2347 affectum
1744 2311 1755 2345 1

1048 2373 1126 2415 351,
1151 2374 1182 2409 2.

1003 2433 1170 2479 amplius:
1206 2432 1319 2468 multo
1354 2432 1505 2478 amplius
1539 2431 1703 2466 abhorret
1745 2430 1756 2464 1

1048 2493 1127 2535 307,
1144 2493 1197 2528 22.
1216 2492 1303 2538 quid
1319 2491 1469 2538 amplius
1485 2490 1626 2526 dicam?
1648 2489 1662 2524 I
1681 2491 1756 2530 256,

1049 2553 1104 2588 24.
1146 2551 1215 2587 isto
1257 2551 1350 2587 unde
1390 2550 1568 2596 loquimur
1608 2549 1758 2595 amplius

1047 2611 1246 2647 inuenimus
1291 2611 1306 2646 Ι
1349 2612 1427 2652 480,
1472 2611 1523 2646 17.
1568 2609 1663 2655 quod
1705 2613 1758 2644 est

1049 2670 1201 2718 amplius
1240 2670 1256 2705 1
1291 2671 1370 2711 480,
1406 2671 1461 2706 30.
1515 2668 1551 2704 Il
1589 2669 1665 2710 142,
1704 2670 1756 2704 10.

1049 2734 1186 2777 quanto
1216 2730 1366 2777 amplius
1396 2729 1574 2775 diligimus
1604 2728 1708 2764 deum
1744 2728 1756 2763 l

1049 2790 1127 2832 511,
1158 2789 1210 2826 15.
1239 2789 1392 2836 amplius
1419 2792 1525 2824 notus
1554 2787 1591 2823 11
1619 2788 1674 2831 99,
1703 2789 1756 2824 20.

1604 2849 1647 2884 40
