2028 3204
757 168 846 205 libor
880 168 894 203 1
928 170 959 210 2,
993 170 1092 210 2--4,
1124 172 1142 204 4
1653 160 1739 201 305

255 293 333 337 111.
383 296 420 338 3.
484 294 626 338 Habet
674 295 784 338 enim
832 293 1057 350 eloquium,
1105 307 1187 350 quo
1231 294 1361 350 possit
1395 294 1600 350 explicare
1633 308 1741 349 quae

165 358 307 402 sentit.
363 360 472 403 unde
520 375 615 404 cum
655 360 722 403 illo
755 361 963 414 agendum
1011 366 1074 403 est
1107 360 1226 416 eique
1269 360 1518 416 optandum,
1550 365 1598 403 ut
1630 365 1743 403 reeta

163 424 331 472 sentiat.
367 439 415 468 ne
448 426 577 469 faeiat
619 440 705 469 esse
745 426 1011 470 delectabilia
1052 440 1157 487 quae
1199 431 1297 468 sunt
1339 425 1506 468 inutilia
1550 431 1592 468 et
1638 440 1744 482 quae

161 491 320 534 diserta
350 491 504 534 dixerit
537 506 634 535 uera
665 491 819 535 dixisse
853 492 1064 542 uideatur;
1100 493 1292 547 quamuis
1325 498 1367 534 et
1400 493 1441 534 in
1469 492 1559 548 ipso
1581 492 1743 547 eloquio

115 568 133 598 5
162 556 317 599 habeat
339 558 472 600 inulta
491 558 756 614 emendanda
777 563 819 601 et
845 572 870 600 a
895 558 1025 601 nimia
1046 558 1307 601 exundantia
1331 558 1607 613 reprimenda,
1631 559 1740 613 quod

162 622 203 663 in
252 622 319 665 illo
370 623 448 665 tibi
499 638 663 679 quoque
715 629 761 667 ut
810 624 898 666 uiro
930 623 1060 677 graui,
1103 624 1210 666 sieut
1243 630 1318 666 tua
1350 624 1538 666 indicant
1572 624 1739 679 scripta.

160 687 386 743 displicuit.
422 690 490 731 sed
527 690 603 732 hoc
637 690 701 732 uel
733 690 853 733 facile
886 690 1106 743 corrigitur
1139 690 1202 733 uel
1237 690 1324 732 sine
1357 690 1611 732 detrimento
1645 691 1740 732 fidei

162 768 187 796 a.
215 754 376 797 leuibus
406 756 616 798 mentibus
649 761 827 808 amatur,
862 756 1064 799 toleratur
1096 771 1121 799 a
1151 756 1368 809 grauibus:
1403 756 1604 798 habemus
1632 756 1739 798 enim

162 819 244 862 iani
278 821 480 875 quosdam
513 836 705 877 spumeos
739 822 780 864 in
813 836 1013 873 sermone,
1048 822 1117 863 sed
1152 822 1299 864 infide
1323 836 1458 865 sanos.
1493 837 1576 865 nen
1599 822 1742 877 itaque

93 897 132 926 ιο
159 886 465 941 desperandum
513 893 576 930 est
626 888 752 930 etiam
804 888 881 930 hoe
924 888 964 930 in
1005 888 1099 938 isto,
1135 888 1327 942 quamuis
1360 888 1413 930 sit
1448 888 1674 937 tolerabile,
1709 889 1739 930 si

161 952 450 1007 permanserit,
502 967 621 1009 posse
674 959 817 997 tamon
865 954 1084 1009 expurgari
1133 960 1174 996 et
1233 954 1455 1009 temperari
1514 959 1641 1010 atque
1689 955 1739 996 ad

160 1017 369 1072 integrum
441 1024 483 1061 et
555 1019 732 1062 solidum
806 1020 869 1062 uel
945 1020 1113 1074 perduci
1180 1020 1243 1063 uel
1305 1020 1490 1062 reuocari
1553 1021 1738 1064 niodum.

159 1084 400 1138 praesertim
445 1085 544 1140 quia
585 1086 745 1128 iuuenis
788 1100 874 1128 esse
917 1086 1171 1142 perhibetur,
1216 1092 1262 1128 ut
1297 1086 1578 1142 quodminus
1613 1086 1739 1128 habet

160 1149 308 1204 peritia
340 1151 534 1205 suppleat
567 1151 783 1207 diligentia
814 1157 855 1194 et
889 1153 1001 1208 quod
1043 1152 1227 1194 eruditas
1260 1152 1528 1207 loquacitatis
1562 1157 1737 1195 eructat.

34 1226 37 1227 ⁷
92 1225 129 1254 15»
157 1215 308 1257 aetatis
332 1217 554 1260 maturitas
581 1218 802 1273 decoquat.
838 1218 938 1260 illud
970 1218 1189 1260 molestum
1214 1223 1275 1260 est
1301 1223 1342 1259 et
1373 1218 1646 1273 periculosum
1676 1218 1736 1259 uel

161 1280 447 1335 perniciosum.
480 1283 526 1332 si,
560 1297 653 1326 eum
675 1284 872 1326 laudatur
895 1283 1145 1339 ehiquentia,
1176 1285 1476 1338 persuzuleatur
1499 1284 1740 1340 insipientia

158 1352 199 1388 et
234 1346 274 1389 in
308 1348 488 1403 pretiose
520 1349 668 1404 poculo
702 1350 872 1392 bibatur
905 1350 1101 1405 pestifera
1133 1350 1261 1406 potio.

258 1412 324 1456 lv.
365 1415 401 1456 4.
447 1415 503 1456 Vt
545 1415 654 1458 enim
698 1415 778 1458 iam
814 1415 1009 1472 incipiam
1042 1416 1341 1467 demonstrare,
1377 1430 1484 1470 quae
1518 1416 1739 1470 praecipue

158 1477 242 1520 sint
274 1479 315 1520 in
349 1479 434 1521 eius
467 1481 753 1535 disputatione
777 1482 965 1526 uitanda.
1003 1481 1215 1524 ‘animani‘
1249 1482 1354 1524 (licit
1389 1483 1426 1524 ‘a
1458 1483 1535 1525 deo
1567 1482 1736 1537 quidem

87 1555 129 1585 20
158 1543 311 1586 saetam
348 1559 421 1588 nee
453 1546 520 1588 dei
553 1560 638 1589 esse
672 1553 831 1602 partem
867 1548 954 1590 siue
988 1548 1210 1594 naturain‘,
1246 1548 1358 1603 quod
1391 1548 1559 1590 omnino
1593 1562 1736 1590 uerum

157 1614 231 1652 est.
289 1611 357 1653 sed
402 1625 494 1653 euni
539 1627 630 1655 eum
673 1627 755 1656 nen
800 1614 890 1656 uult
936 1627 986 1655 ex
1029 1613 1156 1655 nihilo
1191 1614 1347 1656 factam
1380 1615 1503 1656 fateri
1537 1619 1578 1656 et
1612 1614 1735 1656 aliani

157 1675 310 1718 nullam
346 1684 578 1720 ereaturam
614 1680 722 1722 unde
755 1679 808 1722 sit
842 1680 954 1722 faeta
987 1685 1286 1722 commemorat
1320 1684 1447 1736 atque
1480 1681 1540 1722 ita
1574 1680 1629 1721 illi
1664 1680 1736 1722 dat

157 1746 368 1784 auctorem
417 1746 555 1795 deum,
608 1751 654 1787 ut
705 1759 838 1801 neque
889 1760 939 1788 ex
990 1745 1111 1789 nullis
1162 1747 1441 1798 exstantibus,
1494 1747 1533 1789 id
1585 1753 1646 1789 est
1687 1761 1736 1789 ex

33 1846 42 1855 .
157 1806 298 1857 nihilo,
362 1825 494 1865 neque
554 1825 604 1853 ex
666 1811 807 1867 aliqua
868 1826 922 1862 re,
988 1826 1094 1867 quae
1166 1825 1247 1853 nen
1319 1818 1382 1854 est
1459 1812 1570 1867 quod
1636 1812 1735 1854 deus

33 1878 44 1926 ξ
72 1884 127 1931 ,25
157 1878 232 1925 est,
275 1875 345 1916 sed
383 1875 445 1918 ‘de
478 1890 520 1918 se
553 1876 642 1932 ipse
684 1891 774 1920 eam
807 1877 964 1920 fecisse‘
999 1878 1207 1927 credatur,
1243 1878 1375 1920 nescit
1406 1892 1453 1920 eo
1487 1892 1529 1920 se
1562 1878 1733 1921 reuolui.

157 1940 267 1994 quod
317 1940 544 1983 declinasse
591 1957 633 1984 se
683 1948 821 1998 putat,
871 1948 918 1985 ut
964 1943 1119 1986 seilicet
1152 1943 1255 1985 nihil
1287 1943 1400 1986 aliud
1434 1943 1575 1986 anima
1609 1957 1734 1998 quani

155 2003 222 2046 (lei
254 2010 407 2048 natura
438 2007 491 2048 sit
525 2022 571 2049 ue
604 2008 661 2050 sio
694 2014 994 2063 consequenter
1027 2015 1068 2051 et
1100 2010 1152 2052 de
1184 2009 1250 2050 dei
1284 2014 1435 2051 natura
1467 2009 1544 2051 fiat
1578 2009 1735 2064 aliquid

249 2147 270 2181 9
293 2148 334 2182 cf.
358 2147 425 2183 Tit.
446 2150 478 2190 2,
501 2150 521 2184 2
614 2149 666 2184 19.
686 2150 728 2185 25
751 2150 848 2185 Vino.
874 2150 995 2186 Victor

36 2286 57 2303 .«
247 2251 268 2284 2
285 2248 316 2284 ei
332 2261 423 2296 quae
439 2251 467 2284 C'
481 2251 530 2297 (q.
549 2262 576 2285 s.
587 2261 680 2297 quae
692 2252 765 2297 ml)
840 2253 1038 2288 obtandum
1054 2254 1179 2289 ACEG
1244 2257 1263 2290 4
1275 2253 1426 2290 disserta
1441 2254 1581 2296 Be'ffl)
1595 2265 1634 2289 ez
1648 2265 1730 2288 cor-r.

35 2306 64 2356 ·.³·
158 2308 296 2344 deserta
305 2310 334 2343 (7
446 2310 480 2345 in
498 2322 562 2346 om.
575 2310 788 2346 ABCleG
903 2313 924 2348 5
940 2313 1160 2349 emendenda
1171 2315 1255 2349 le
1371 2325 1393 2350 a
1407 2314 1530 2361 nimia]
1545 2314 1664 2350 anima
1674 2314 1730 2349 Ca·

151 2367 315 2404 animiM
341 2369 507 2405 animisF
523 2371 594 2416 (alt.
622 2371 634 2406 i
655 2383 682 2407 s.
701 2372 738 2413 l.,
763 2385 778 2407 s
804 2384 831 2408 ε.
858 2382 880 2416 ᾳ
900 2373 972 2418 m2)
1078 2376 1099 2409 8
1122 2377 1331 2410 amoueatur
1343 2375 1385 2410 M
1498 2374 1690 2410 habeamus
1705 2375 1733 2409 F

157 2427 250 2463 enim
267 2430 367 2464 omE'
420 2431 441 2465 9
455 2441 600 2477 spumeo
613 2432 642 2467 Ο
698 2433 741 2468 10
758 2432 1007 2479 disperandum
1019 2433 1048 2468 0
1104 2436 1143 2470 11
1159 2434 1205 2469 ad
1216 2435 1317 2470 om.D
1365 2435 1405 2470 13
1421 2435 1506 2480 quid
1518 2435 1580 2471 AC
1595 2434 1656 2480 qui
1671 2434 1730 2469 BG

158 2487 273 2533 quivlv'
385 2488 535 2537 iuuenis]
550 2490 585 2526 in
600 2491 696 2527 uenis
709 2493 738 2527 C
860 2492 970 2529 habet
982 2493 1099 2529 minus
1111 2494 1143 2529 E
1253 2496 1291 2531 14
1310 2494 1456 2541 peritiae
1464 2496 1495 2530 F
1511 2496 1567 2540 (ao
1579 2506 1607 2529 s.
1621 2495 1643 2530 l.
1659 2495 1730 2539 m‘3)

159 2546 201 2583 15
222 2547 429 2595 dequoquat
447 2550 519 2586 GM
627 2554 683 2587 est
702 2551 891 2588 molestum
911 2553 934 2588 d
1048 2555 1088 2590 16
1115 2553 1209 2600 cum]
1234 2565 1317 2590 uero
1336 2555 1368 2590 E
1471 2554 1729 2600 persuadeturb

159 2608 200 2644 17
210 2606 246 2643 in
256 2619 320 2644 om.
334 2611 364 2644 Α
412 2609 540 2655 poculo
551 2612 581 2646 A
599 2611 634 2657 (c
647 2621 690 2647 ez
698 2611 737 2658 p)
783 2613 827 2648 20
836 2616 966 2648 natura
977 2613 1018 2648 M
1066 2614 1110 2650 22
1119 2614 1205 2650 data
1215 2614 1384 2651 uictorem
1397 2615 1426 2650 Ο
1473 2616 1516 2650 23
1527 2625 1731 2660 ex—neque

157 2665 308 2714 inmqD
432 2670 637 2707 extantibus
648 2671 755 2707 CEM
877 2673 922 2708 24
935 2676 979 2708 ut
989 2683 1104 2720 neque
1115 2674 1147 2709 E
1266 2676 1308 2710 25
1325 2685 1362 2710 se
1375 2674 1564 2715 s.l.DFm2‚
1575 2685 1640 2709 om.
1654 2675 1726 2709 EM

157 2726 289 2763 nescito
310 2738 350 2763 os
376 2739 431 2764 ere
453 2729 594 2766 uoluiC
683 2741 720 2767 so
744 2742 785 2767 eo
801 2732 831 2768 G
947 2743 983 2769 se
1007 2733 1171 2769 om.le
1279 2734 1406 2770 resolui
1422 2735 1452 2769 E
1550 2733 1594 2769 26
1611 2744 1682 2779 quo
1700 2733 1730 2768 B

155 2786 199 2822 27
214 2789 347 2823 natura
356 2799 421 2824 om.
433 2790 466 2825 A
553 2789 616 2838 sie]
629 2790 660 2826 si
671 2791 742 2827 CM
829 2791 874 2827 de
884 2794 978 2828 om.G
1065 2792 1129 2830 fiet
1138 2794 1170 2829 E

226 2857 289 2886 Lx.
308 2858 431 2892 Amat.
451 2858 524 2888 VIII
546 2868 612 2896 pm
631 2861 656 2890 1.
675 2861 754 2889 Vrbs
774 2864 804 2890 et
824 2862 931 2897 zyehn.
1612 2866 1655 2900 20
