2028 3204
110 628 127 654 5

88 955 126 983 io

86 1284 123 1312 15

78 1624 120 1654 20

77 1953 117 1982 25

743 236 819 272 cap.
856 228 909 268 14,
943 227 1086 266 15—16,
1122 228 1160 262 17
1661 218 1738 259 243

155 352 231 394 hoc
254 364 350 394 uero
367 351 571 401 ammaim
598 366 657 392 os
687 351 795 393 enim
822 365 847 406 q
867 365 890 393 ιι
910 351 977 393 od
1002 364 1043 393 m
1060 366 1080 392 e
1099 365 1122 393 n
1143 357 1161 392 t
1180 351 1190 392 i
1211 357 1226 393 t
1247 365 1270 393 ιι
1291 365 1320 397 r.
1348 351 1520 394 occid
1542 352 1551 393 i
1572 358 1589 394 t
1622 368 1644 394 a
1666 368 1688 395 ιι
1710 353 1741 394 i-

158 431 197 459 m
215 431 239 459 a
258 431 311 459 m.
342 431 420 459 non
437 431 531 470 ergo
547 417 663 472 quasi
680 417 719 459 id
736 424 843 459 esset
860 416 1018 459 facilius
1036 430 1161 471 quam
1178 417 1477 459 mansuefactio
1495 418 1735 468 bestiarum,

157 489 325 526 sanctus
358 483 530 525 lacobus
560 483 671 526 illam
699 483 951 526 sententiam
980 483 1267 538 pronuntiauit
1298 489 1369 525 aut
1400 498 1447 525 ea
1475 498 1575 526 uoce
1605 485 1738 527 uoluit

158 549 429 603 pronuntiari,
455 549 525 591 sed
556 549 694 604 potius
732 549 953 591 ostendens
996 554 1201 604 quantum
1232 549 1284 590 sit
1315 549 1354 591 in
1386 550 1550 592 liomine
1576 550 1738 603 linguae

151 615 319 662 malum,
338 621 383 657 ut
398 629 422 657 a
438 615 549 657 nullo
565 615 730 657 homine
744 614 904 657 domari
928 614 1072 670 possit.
1089 629 1183 657 cum
1199 615 1251 656 al)
1268 615 1504 658 hominibus
1519 617 1686 659 doment
1697 631 1742 659 ur

155 686 197 722 et
218 680 387 722 bestiae.
426 694 557 735 neque
576 681 654 723 hoc
674 681 764 722 ideo
785 680 905 727 dixit,
928 687 973 722 ut
994 680 1114 723 liuius
1135 681 1175 723 in
1198 695 1270 723 uos
1292 681 1388 723 mali
1407 682 1737 725 dominationem

153 759 224 801 per
236 746 535 801 neglegentiam
554 760 792 802 permanere
807 746 1028 802 patiamur.
1047 747 1119 788 sed
1137 752 1181 789 ut
1203 748 1255 789 ad
1278 747 1532 789 domandam
1554 748 1737 799 linguam

153 811 318 854 diuinae
344 812 501 862 gratiae
521 827 739 868 poseamus
766 812 980 854 auxilium.
1010 827 1090 855 non
1117 812 1226 855 enim
1253 813 1331 855 ait:
1361 813 1543 866 linguam
1573 815 1736 856 ‘nullus‘

155 878 323 920 domare
365 884 517 933 potest.
565 879 633 920 sed
685 878 833 920 ‘nullus
881 878 1126 923 hominum‘.
1190 885 1249 925 ut,
1293 893 1387 921 cum
1423 880 1631 925 domatur.
1671 881 1736 922 dei

156 942 451 995 misericordia,
485 943 550 986 dei
597 944 818 994 adiutorio,
869 944 934 985 dei
980 945 1113 1000 gratia
1164 945 1251 986 fieri
1294 945 1514 987 fateamur.
1565 955 1737 988 conetur

153 1023 247 1063 ergo
279 1009 416 1051 anim-1
449 1010 617 1052 domare
652 1010 835 1062 linguam
870 1016 925 1060 et,
969 1011 1070 1052 dum
1109 1017 1297 1056 conatui,
1331 1018 1476 1066 poscat
1512 1012 1734 1057 auxilium:

153 1080 195 1116 et
226 1082 313 1116 oret
350 1075 501 1131 lingua
536 1082 581 1118 ut
612 1077 805 1118 dom(tur
837 1076 975 1130 lingua
999 1077 1183 1119 donante
1210 1076 1276 1118 illo
1302 1077 1372 1132 qui
1396 1077 1504 1119 dixit
1534 1079 1585 1119 ad
1620 1093 1734 1120 suos:

154 1155 263 1183 non
313 1141 467 1183 enim
507 1156 608 1183 uos
647 1142 805 1183 estis
858 1142 958 1197 qui
1011 1142 1361 1215 loquimini
1405 1145 1503 1186 sed
1557 1144 1686 1199 spir
1706 1144 1736 1185 i-

154 1212 250 1249 tus
295 1207 497 1262 patris
541 1207 743 1250 uestri
787 1208 886 1263 qui
930 1208 1218 1263 loquitur
1260 1209 1313 1251 in
1358 1209 1548 1251 uobis.
1595 1210 1734 1265 itaque

154 1279 374 1327 praecepto
409 1273 541 1315 facere
573 1287 896 1318 commonemur.
939 1275 1049 1328 quod
1085 1282 1284 1316 conantes
1320 1282 1361 1316 et
1396 1276 1548 1317 nostris
1576 1276 1731 1318 uiribus

152 1352 230 1380 non
267 1339 451 1381 ualentes
484 1339 739 1381 adiutorium
771 1340 962 1382 diuinum
997 1354 1224 1395 precemur.

261 1416 371 1458 xvi.
408 1418 468 1458 17.
520 1417 694 1459 Proinde
726 1423 765 1459 et
801 1417 901 1472 ipse,
934 1432 1029 1459 eum
1060 1425 1346 1473 exaggerasset
1383 1419 1545 1474 linguae
1577 1420 1733 1461 malum

151 1481 553 1524 interhaecdicens:
588 1497 698 1525 non
734 1490 999 1538 oportet.
1038 1484 1273 1526 fratres
1309 1485 1430 1529 mei,
1465 1485 1608 1527 haec
1644 1486 1730 1527 ita

151 1547 233 1589 fie
251 1548 312 1599 ri,
349 1548 547 1590 continuo
575 1548 737 1590 monuit
766 1549 1064 1591 consummatis
1092 1549 1155 1591 his
1184 1564 1289 1604 quae
1317 1550 1412 1592 hinc
1439 1551 1620 1602 dicebat,
1651 1565 1732 1606 quo

148 1613 355 1655 adiutorio
389 1614 469 1656 ista
508 1628 589 1656 non
626 1614 785 1662 fierent,
822 1628 927 1670 quae
960 1615 1066 1657 dixit
1103 1615 1189 1657 fieri
1225 1630 1305 1658 non
1341 1623 1549 1671 oportere:
1595 1631 1662 1672 qu
1685 1617 1730 1658 is

147 1678 1733 1736 enimsapiensetdiseiplinatusinteruos?osten-

148 1745 252 1786 (lat.
324 1759 388 1787 ex
469 1746 622 1788 bona
710 1747 1204 1789 conuersatione
1296 1748 1730 1803 operationem

148 1824 311 1852 suam
377 1811 431 1852 in
500 1812 984 1854 mansuetudine
1050 1813 1428 1868 sapientiae.
1507 1815 1730 1869 quodsi

148 1876 339 1918 zelum
401 1891 663 1920 amarum
727 1878 980 1920 habetis
1042 1885 1099 1921 ct
1161 1880 1612 1922 contentiones
1675 1881 1730 1923 in

147 1942 442 1984 cordibus
481 1944 730 1989 uestris.
770 1944 972 1986 nolite
1007 1945 1277 1996 gloriari
1315 1952 1368 1986 et
1410 1947 1730 1988 mendaces

145 2008 1729 2066 esseaduersusueritaten1.nonestistasapientia

145 2073 465 2115 desursum
511 2075 910 2122 descendens,
958 2077 1057 2117 sed
1106 2082 1371 2120 terrena.
1419 2077 1728 2123 animalis,

145 2138 480 2182 diabolica.
539 2140 638 2182 ubi
694 2141 848 2182 enim
904 2142 1071 2183 zelus
1126 2148 1181 2183 et
1237 2143 1584 2186 contentio.
1643 2143 1728 2185 ibi

147 2204 587 2248 inconstantia
659 2212 715 2247 et
786 2221 951 2249 omne
1021 2222 1168 2263 opus
1242 2222 1503 2263 prauum.
1578 2223 1728 2264 quae

236 2379 251 2412 1
277 2377 358 2424 Sap.
380 2380 411 2418 1,
432 2380 468 2414 11
598 2380 639 2415 13
663 2379 791 2415 Matth.
813 2381 866 2421 10,
888 2381 933 2415 20
1056 2382 1097 2417 17
1115 2381 1159 2416 cf.
1188 2381 1307 2423 1ac.3‚
1329 2383 1350 2416 6
1477 2383 1518 2418 18
1538 2382 1606 2418 Iac.
1631 2383 1727 2423 3,10

148 2437 191 2471 20
215 2437 282 2472 Iac.
304 2438 337 2478 3,
361 2439 491 2474 13—17
1738 2440 1746 2446 ’

238 2543 258 2578 2
273 2543 408 2580 facilius
425 2545 514 2580 s.l.D
569 2556 716 2592 mansue
733 2547 839 2582 factio
852 2548 881 2583 L
896 2558 1067 2584 mansuac
1081 2547 1191 2584 factio
1205 2548 1271 2583 VE
1324 2551 1345 2584 5
1360 2549 1407 2584 ab
1423 2549 1587 2586 omnibus
1602 2551 1721 2585 VEml

145 2603 167 2638 6
185 2603 430 2640 dominatione
445 2605 475 2640 V
581 2607 600 2641 7
627 2605 843 2642 damandam
865 2607 950 2643 Em]
1060 2608 1104 2644 10
1128 2608 1407 2653 misericordiam
1427 2609 1459 2644 E
1579 2619 1727 2645 conetur

144 2664 182 2707 (n
197 2663 308 2706 s.1.)R
355 2666 390 2700 11
405 2675 487 2711 ergo
499 2665 648 2702 s.l.Vm2
696 2667 916 2703 12domante
927 2667 1014 2703 le
1023 2668 1158 2704 BCEbd
1206 2669 1245 2704 15
1254 2673 1482 2715 pracceptum
1499 2669 1528 2703 B
1578 2670 1615 2704 17
1629 2669 1722 2704 mala

145 2720 270 2758 leE
346 2724 388 2760 18
400 2724 492 2760 inter
509 2729 627 2762 cetera
642 2727 775 2772 (netem
787 2727 829 2763 in
838 2728 979 2774 mq.m2)
991 2728 1023 2763 V
1100 2729 1143 2764 19
1159 2729 1374 2764 consumatis
1388 2730 1417 2765 L
1493 2730 1536 2764 20
1553 2728 1619 2764 iste
1633 2729 1720 2764 le

146 2785 188 2818 ut
203 2793 296 2830 quae
310 2785 369 2828 (ut
386 2794 428 2820 ex
440 2785 494 2831 et)
510 2786 541 2821 P
626 2787 665 2822 21
685 2786 777 2822 enim
790 2798 855 2823 om.
867 2789 962 2824 Oros.
1048 2789 1093 2824 23
1109 2788 1306 2835 sapientiae
1318 2788 1511 2824 mn.leE
1585 2789 1628 2824 25
1647 2799 1723 2823 cor-

146 2841 250 2878 dibus
263 2842 317 2889 (di
332 2844 403 2886 ml.)
413 2843 446 2879 R
544 2845 589 2881 26
601 2845 791 2882 aduersum
802 2847 897 2882 Oros.
1009 2850 1084 2892 post
1101 2860 1174 2895 sap.
1193 2859 1271 2894 exp.
1289 2859 1310 2883 a
1323 2848 1350 2883 V
1460 2849 1502 2884 27
1520 2851 1681 2892 terrenae
1692 2848 1723 2883 R

1608 2921 1674 2956 16·
