2028 3204
350 211 427 254 644

352 334 611 367 criminosorum
633 331 891 376 comparatione
914 330 927 364 l
946 331 1022 371 501,
1043 331 1094 366 28.

352 392 517 436 crucifigo
539 391 571 425 ll
595 392 667 432 196,
690 391 740 425 15.
765 389 777 424 l
798 391 874 431 311,
896 391 946 424 17.
967 391 1043 431 312,
1063 391 1094 424 4.

398 452 473 491 495,
498 452 549 485 21.
574 451 651 491 505,
678 451 728 484 19.
753 450 830 490 512,
856 451 907 484 11.

352 510 520 544 crucietur
546 520 625 554 crgo
652 513 686 543 tc
712 508 874 543 didicisse
900 519 988 553 quae
1015 518 1097 542 uera

396 575 475 603 sunt
512 568 522 602 l
554 569 632 609 360,
663 569 714 603 24.
747 568 902 602 crucians
932 567 1029 602 dolor
1062 566 1095 601 II

397 630 471 669 284,
496 629 526 662 8.

352 687 534 721 crudeliter
560 687 725 721 defendat
753 686 786 720 ΙΙ
814 687 890 727 319,
921 688 948 721 1.
977 686 1097 721 crude-

394 747 472 780 liter
495 746 617 780 laudas
644 745 677 780 11
703 746 777 787 261,
804 747 855 780 24.

352 806 504 840 cruditas
528 805 751 851 loquacitatis
778 804 791 838 l
815 805 892 846 305,
919 806 969 839 14.

353 866 492 899 crudus:
517 865 569 899 uel
592 864 747 910 plusculo
770 864 847 898 cibo
870 864 1007 898 crudior
1030 864 1097 899 fuit

400 924 411 958 l
438 925 512 965 266,
540 925 589 959 12.

351 995 448 1017 cruor
474 983 616 1029 uirginis
643 982 677 1017 ll
704 984 777 1024 199,
801 983 832 1018 6.
857 983 893 1017 in
918 987 1096 1019 menstruo

395 1054 512 1077 cruore
536 1042 689 1077 mulieris
715 1042 729 1076 I
756 1044 829 1084 149,
854 1043 884 1077 6.

352 1102 501 1136 culmen:
522 1102 566 1136 ad
585 1102 740 1137 iustitiae
760 1102 894 1136 culmen
913 1102 1096 1137 ascendere

398 1161 409 1195 Ι
436 1163 511 1202 270,
538 1162 588 1196 19.

352 1221 531 1266 culpabilis
556 1220 571 1255 I
595 1222 670 1262 238,
694 1221 723 1256 7.
751 1220 785 1255 ll
811 1223 862 1262 11,
886 1222 939 1256 20.
963 1222 1017 1263 64,
1043 1222 1094 1257 10.

396 1282 471 1322 229,
495 1281 526 1315 6.
552 1281 627 1322 289,
654 1281 704 1315 15.

350 1340 464 1385 culpo:
495 1339 572 1374 aliis
601 1339 707 1374 etiam
737 1350 807 1374 non
837 1340 1000 1385 placitam
1031 1340 1095 1375 lar-

393 1411 446 1444 on
449 1403 542 1433 ntem
557 1399 670 1433 nullus
682 1399 770 1434 iuste
783 1399 977 1445 culpauerit
990 1399 1006 1437 I
1020 1401 1094 1442 103,

395 1461 444 1493 11.
460 1470 502 1493 ne
515 1459 568 1493 lex
583 1459 755 1504 culpanda
767 1459 930 1493 uideatur
945 1458 959 1493 I
974 1460 1048 1502 187,
1061 1460 1092 1495 5.

393 1518 609 1564 inexplorata
632 1518 769 1564 culpare
793 1518 907 1560 1304,
932 1520 1053 1563 18;cj.
1079 1519 1094 1554 I

394 1578 469 1619 236,
498 1578 547 1612 15.
575 1579 650 1619 245,
678 1580 729 1613 11.
755 1578 1013 1620 523,13.552,
1041 1579 1091 1614 16.

397 1636 429 1671 ll
447 1638 501 1678 32,
520 1639 548 1672 1.
566 1639 620 1679 34,
637 1638 667 1672 6.
685 1638 740 1679 60,
757 1638 809 1673 23.
827 1638 881 1679 94,
899 1639 928 1673 1.
948 1639 1022 1680 108,
1041 1639 1091 1674 12.

396 1698 468 1738 109,
496 1698 535 1731 16
549 1700 605 1731 cet.

349 1756 490 1790 cultoris
503 1756 686 1791 arbitrium
704 1756 739 1790 II
756 1757 830 1798 140,
847 1757 897 1792 16.
913 1757 968 1792 dei
982 1757 1094 1792 cultor

396 1815 408 1849 I
435 1816 488 1857 89,
512 1817 543 1851 8.
571 1817 621 1851 18.
649 1816 723 1857 175,
748 1817 800 1851 21.
827 1817 902 1858 288,
927 1817 980 1851 22.

350 1875 462 1909 cultus
485 1875 539 1910 (lei
566 1875 579 1909 Ι
607 1876 680 1917 170,
706 1877 756 1911 11.
782 1876 857 1918 288,
883 1877 934 1911 11.
958 1876 1035 1917 501,
1060 1877 1091 1911 7.

396 1934 427 1968 ll
454 1936 528 1976 214,
555 1936 605 1970 12.

349 2004 425 2027 curn
443 1994 576 2028 causale
591 1997 619 2028 et
634 2005 773 2029 concess
799 2005 873 2029 cum
890 1994 991 2030 indic.
1012 1994 1091 2037 125,

392 2055 421 2088 2.
450 2054 502 2095 27,
537 2055 587 2089 10.
613 2054 689 2095 305,
725 2055 775 2089 21.
804 2055 950 2096 331,12.
978 2053 1013 2088 ΙΙ
1037 2055 1090 2096 77,

391 2114 467 2154 311,
492 2113 543 2148 22.

347 2181 424 2206 cum
450 2183 577 2217 praep„-
601 2172 788 2218 parturitio
812 2183 890 2207 cum
915 2173 1091 2208 doloribus

394 2230 409 2265 1
446 2232 518 2273 109,
555 2232 584 2266 7.
621 2243 698 2266 cum
735 2243 816 2278 qu0,
851 2243 929 2267 cum
965 2232 1091 2278 quibus

391 2290 518 2336 leqitur,
560 2302 721 2336 quocum,
763 2291 969 2337 quibuscum
1011 2303 1091 2327 nus-

390 2360 489 2393 quam
513 2351 663 2385 occurrit.

347 2409 557 2444 cumulatius
603 2410 804 2455 redarguere
853 2410 867 2444 I
913 2411 990 2452 559,
1038 2412 1089 2447 13.

391 2468 601 2503 cumulatius
626 2472 732 2514 atque
759 2469 883 2504 clarius
908 2469 1092 2516 apparebit

394 2527 426 2562 II
452 2529 505 2570 79,
531 2530 581 2563 14.

345 2587 554 2623 cumulando
562 2587 783 2633 iniquitatem
795 2588 1091 2633 praeuaricatione

394 2646 406 2680 1
433 2647 507 2689 179,
530 2647 562 2682 5.

346 2706 518 2740 cumulus:
534 2706 578 2741 ad
593 2706 770 2741 cumulum
786 2707 898 2742 ualere
911 2706 1091 2742 debebunt

392 2763 473 2805 151,
485 2766 516 2800 3.
530 2765 575 2800 ad
588 2765 765 2800 cumulum
779 2765 941 2812 supplicii
965 2765 1000 2801 ΙΙ
1012 2767 1089 2808 224,

389 2823 419 2858 2.
431 2824 561 2858 maiore
572 2825 710 2860 cumulo
720 2825 972 2871 praecipitatus
986 2824 1000 2860 l
1013 2825 1089 2867 158,

775 212 840 247 Ill.
868 212 976 247 Index
1001 211 1185 247 uerborum
1209 216 1246 247 et
1269 211 1503 246 elocutionum

1214 330 1266 365 27.
1295 329 1434 365 cumulo
1461 330 1769 376 praeuaricationis
1796 331 1812 368 1
1841 333 1916 375 169.

1216 391 1267 424 11.

1169 452 1375 483 cunctanter
1391 448 1487 494 loqui
1506 449 1623 495 potius
1641 460 1747 496 quam
1765 451 1917 487 fidenter

1217 507 1232 542 1
1258 509 1332 550 144,
1358 508 1409 543 18.

1170 567 1350 602 cunctatio
1379 566 1393 602 l
1418 568 1495 610 309,
1521 568 1573 603 25.
1599 569 1675 611 317,
1702 570 1732 605 7.
1758 570 1835 612 348,
1856 573 1914 607 -11,

1218 626 1252 660 11
1275 627 1330 668 51,
1354 627 1385 662 5.
1413 627 1487 669 173,
1513 629 1564 663 11.

1171 691 1315 721 cunctor
1332 697 1407 720 cum
1426 686 1489 730 inl.
1510 686 1525 721 1
1545 688 1619 729 134,
1638 688 1691 729 24,
1709 698 1785 723 cum
1801 700 1867 724 acc.
1887 693 1917 724 et

1216 745 1279 789 ins.
1307 744 1321 779 I
1344 746 1421 787 513,
1446 747 1498 781 21.

1171 815 1300 839 cuneus
1323 805 1538 850 perditorum
1564 805 1600 840 11
1624 807 1698 848 121,
1723 808 1775 843 22.

1170 875 1267 899 cura:
1280 864 1371 899 inter
1381 864 1527 900 militiae
1539 868 1621 901 tuae
1633 876 1731 901 curas
1746 866 1780 901 II
1793 868 1868 910 253,
1882 869 1912 903 2.

1214 924 1259 959 ad
1280 934 1397 959 curam
1419 924 1623 970 Hieronymi
1643 925 1855 971 pertinentes
1879 927 1915 962 11

1216 984 1289 1025 121,
1324 984 1376 1019 24.
1410 983 1501 1018 inter
1533 984 1782 1021 ecclesiasticas
1815 997 1915 1022 curas

1213 1053 1319 1084 meas,
1337 1042 1492 1089 publicas
1509 1047 1588 1078 tuas
1616 1043 1651 1078 ΙΙ
1677 1045 1752 1087 252,
1780 1047 1831 1081 12.
1861 1047 1912 1082 13.

1169 1102 1319 1138 curatio:
1339 1102 1499 1138 adhibita
1517 1103 1695 1139 curatione
1714 1109 1857 1140 sanatus
1878 1105 1914 1140 11

1212 1162 1245 1204 6,
1265 1163 1317 1197 22.
1338 1166 1379 1197 ut
1396 1162 1662 1198 inluminatione
1681 1167 1716 1199 et
1734 1165 1914 1201 curatione

1213 1232 1300 1267 opus
1323 1222 1452 1257 habeat
1478 1221 1492 1256 Ι
1517 1222 1591 1264 235,
1618 1224 1670 1258 13.

1169 1281 1337 1316 curiosius
1349 1292 1453 1327 quam
1468 1281 1628 1327 capacius
1640 1284 1914 1328 proponentibus
1984 1271 1997 1314 ἶ

1213 1340 1264 1375 ait
1290 1340 1304 1375 Ι
1327 1341 1404 1382 538,
1429 1342 1480 1376 24.

1168 1400 1294 1435 curiosi
1314 1400 1452 1435 lectoris
1474 1400 1619 1435 obtutus
1644 1400 1658 1435 1
1680 1402 1755 1443 357,
1781 1403 1831 1437 15.
1867 1403 1912 1438 ad

1212 1459 1280 1494 ista
1306 1471 1378 1495 esse
1404 1459 1556 1494 curiosos
1584 1459 1619 1494 ΙΙ
1645 1461 1720 1502 279,
1747 1462 1777 1496 7.

1168 1530 1265 1554 curo:
1282 1519 1324 1554 de
1340 1519 1467 1565 quibus
1482 1530 1552 1554 non
1566 1519 1670 1555 nimis
1685 1531 1767 1555 curo
1785 1520 1819 1555 11
1837 1523 1911 1563 111,

1214 1579 1264 1614 15.
1290 1590 1371 1613 curo
1394 1590 1469 1613 cum
1493 1579 1556 1623 inf.
1584 1578 1599 1613 1
1622 1581 1676 1620 41,
1700 1580 1731 1615 7.
1757 1581 1832 1622 242,
1858 1583 1909 1616 14.

1213 1639 1288 1679 265,
1314 1640 1345 1673 4.
1371 1639 1448 1680 326,
1476 1639 1526 1674 19.
1552 1639 1628 1679 449,
1655 1639 1708 1674 20.
1737 1638 1773 1674 II
1797 1640 1852 1681 53,
1877 1641 1908 1676 6.

1213 1699 1266 1739 97,
1286 1698 1336 1732 16.
1356 1699 1410 1739 99,
1429 1699 1480 1734 13.
1501 1699 1574 1739 129,
1592 1700 1623 1733 4.
1642 1699 1717 1739 251,
1734 1699 1765 1734 6.
1785 1700 1860 1741 254,
1878 1700 1908 1735 2.

1213 1768 1294 1791 curo
1312 1774 1344 1785 z
1363 1757 1517 1792 Imrieren
1543 1756 1558 1791 I
1582 1757 1656 1798 150,
1682 1759 1732 1793 14.
1757 1758 1832 1800 254,
1857 1761 1908 1794 14.

1212 1817 1287 1857 256,
1311 1816 1364 1852 26.
1389 1817 1441 1852 27.
1467 1817 1543 1858 270,
1567 1817 1619 1852 20.
1660 1815 1694 1851 ΙΙ
1717 1818 1771 1859 46,
1797 1819 1837 1853 17
1852 1821 1908 1854 cet.

1166 1886 1280 1911 curro:
1324 1886 1394 1911 non
1436 1876 1474 1910 in
1515 1886 1726 1921 peruersum‚
1771 1877 1830 1912 sed
1872 1878 1910 1912 in

1210 1935 1381 1970 directum
1415 1946 1546 1970 currere
1581 1935 1596 1969 l
1627 1936 1702 1977 236,
1735 1936 1787 1972 25.
1821 1947 1910 1982 quae
1983 1930 1986 1931 ⁷

1210 1995 1421 2040 (damnatio)
1447 2006 1507 2040 per
1534 1994 1732 2029 uniuersam
1758 2005 1909 2031 massam
1982 2009 1988 2031 ;

1210 2054 1317 2090 currit
1353 2054 1367 2089 I
1401 2055 1477 2096 238,
1513 2055 1573 2090 18.·
1598 2054 1744 2089 cicatrix
1777 2066 1909 2091 currere
1972 2082 1986 2111 3

1208 2114 1336 2149 dicitur
1362 2113 1452 2156 1146,
1478 2114 1528 2149 16.
1555 2113 1771 2149 currentibus
1793 2117 1829 2150 et
1860 2126 1910 2150 re·
1968 2119 1986 2168 s.

1208 2173 1425 2208 currentibus
1455 2172 1592 2218 scriptis
1634 2172 1649 2207 I
1680 2173 1756 2214 464,
1789 2176 1824 2214 13
1865 2176 1910 2218 cs.
1967 2211 1971 2218 ,

1210 2232 1245 2268 II
1268 2233 1322 2275 46,
1348 2234 1388 2268 15
1402 2235 1458 2268 cet.

1164 2292 1291 2327 cursim
1318 2291 1334 2327 I
1358 2292 1433 2334 139,
1458 2293 1509 2327 11.
1535 2292 1610 2332 233,
1635 2292 1665 2327 2.

1165 2363 1283 2387 cursus
1311 2351 1356 2386 ad
1383 2350 1631 2397 perfectionem
1663 2349 1698 2385 II
1726 2351 1781 2393 20,
1810 2352 1862 2387 22.

1165 2410 1340 2446 custodita
1356 2409 1590 2456 prohibitione
1610 2409 1625 2444 I
1646 2410 1719 2451 106,
1740 2410 1791 2446 15.
1809 2410 1910 2446 iusti-

1208 2470 1296 2505 tiam
1315 2469 1489 2505 custodire
1509 2468 1525 2504 1
1543 2470 1619 2511 201,
1637 2470 1669 2505 3.
1688 2470 1720 2504 4.
1739 2470 1911 2506 mandata
1963 2458 1983 2510 ’,ἷ-

1210 2529 1225 2564 1
1245 2530 1321 2571 521,
1341 2530 1394 2565 23.
1413 2529 1492 2571 530,
1511 2529 1564 2564 20.
1587 2527 1623 2563 ΙΙ
1642 2528 1717 2570 116,
1738 2529 1790 2564 17.
1809 2540 1909 2575 prae-

1209 2592 1310 2635 cepta
1333 2588 1348 2623 l
1369 2589 1446 2630 497,
1468 2589 1498 2623 2.
1535 2586 1571 2622 II
1591 2587 1646 2629 83,
1667 2588 1699 2623 8.
1724 2589 1781 2629 11;
1802 2590 1846 2632 cl.
1871 2587 1910 2624 11

1208 2648 1284 2690 215,
1307 2648 1339 2683 6.

1163 2766 1372 2802 daemonum
1399 2766 1558 2801 incursus
1586 2763 1603 2800 I
1630 2765 1706 2806 144,
1733 2765 1786 2802 23.
1826 2765 1911 2802 dae-

1206 2825 1370 2861 monibus
1392 2824 1580 2860 seruientos
1604 2822 1641 2860 11
1663 2824 1740 2867 214,
1763 2824 1816 2860 24.
