2028 3204
276 254 356 298 596
769 258 816 295 11.
846 257 959 295 Index
980 258 1165 294 nominum
1188 262 1226 295 et
1250 269 1377 295 rerum.

277 389 407 414 aeneus
431 388 588 423 serpens:
617 377 632 411 I
656 377 712 419 62,
738 377 769 412 2.

277 438 345 473 afri
369 437 525 483 episcopi
553 436 569 471 I
595 437 673 478 463,
701 437 754 472 27.
782 436 860 478 465,
889 437 942 472 13.

278 497 413 532 Africa:
437 495 453 531 1
473 497 550 538 464,
573 497 626 532 19.
650 495 686 530 Il
707 496 784 538 100,
805 497 858 532 13.
882 497 957 538 171,
980 497 1032 531 17.

277 556 585 592 africanus-a-um:
625 555 795 601 rescripta
833 555 849 591 Ι
885 556 963 598 467,
1000 556 1032 591 3.

322 616 479 661 synodus
499 615 535 650 II
556 616 631 658 172,
651 616 704 651 14.
736 614 901 651 ecclesiae
922 615 937 649 Ι
955 615 1033 657 543,

322 676 354 710 6.
380 675 624 721 episcoporum
638 674 825 710 concilium
839 674 875 710 11
890 676 965 717 171,
979 675 1034 711 21.

278 747 372 793 Agar
391 746 519 782 ancilla
541 747 664 782 Sarrae
687 746 703 782 I
723 747 800 790 449,
824 748 875 783 16.
899 746 936 781 11
956 747 1033 788 217,

326 808 376 842 ll.
415 807 571 852 quodam
598 807 703 842 modo
731 806 854 842 Sarrae
879 806 1035 842 creditur

324 866 468 912 aequari
496 866 531 901 II
555 867 610 908 67,
638 867 690 902 12.

278 937 423 972 Albina:
460 937 687 973 sincerissimi
723 937 849 972 fratres
870 937 992 973 dilecti
1013 947 1034 972 a

321 998 387 1033 deo
414 997 554 1039 Albina,
583 997 729 1032 Piniane
755 1001 791 1032 et
818 997 970 1033 Melania
998 995 1033 1031 ῙΙ

326 1057 402 1098 125,
427 1057 459 1092 6.

278 1128 427 1174 Alypius
442 1128 668 1174 coepiscopus
686 1128 701 1162 Ι
715 1129 792 1170 423,
808 1128 839 1164 5.
858 1127 894 1163 II
909 1127 985 1171 253,
997 1129 1032 1163 8.

278 1199 485 1235 Ambrosius
502 1199 570 1235 illis
590 1199 723 1235 restitit
741 1200 803 1246 qui
820 1199 946 1235 dicunt
963 1210 1034 1235 non

322 1270 395 1294 esse
418 1270 519 1305 posse
542 1259 617 1294 sine
640 1263 786 1306 peccato
808 1259 847 1294 in
868 1259 935 1295 hac
957 1259 1036 1295 uita

326 1318 340 1353 1
364 1319 441 1361 289,
467 1320 520 1355 10.
557 1319 707 1355 antistes
729 1319 798 1361 dei,
822 1319 921 1354 cuius
942 1318 1036 1355 inter

322 1378 454 1414 latinae
468 1379 608 1425 linguae
625 1380 812 1425 scriptores
827 1378 1036 1414 ecclesiasti-

323 1449 381 1472 cos
395 1439 582 1484 praecipue
598 1439 758 1486 Pelagius
770 1438 1034 1485 integerrimam

322 1497 431 1532 fidem
448 1498 631 1543 praedicat
649 1499 684 1534 II
701 1498 777 1540 205,
794 1501 826 1541 4,
843 1499 886 1542 cs.
906 1497 941 1532 II
959 1499 1034 1541 159,

324 1557 379 1592 25.
398 1558 473 1599 162,
491 1559 544 1594 23.
563 1559 639 1600 252,
657 1560 688 1594 7.
707 1559 784 1600 268,
801 1558 832 1594 5.
852 1558 869 1592 I
884 1558 962 1600 559,
981 1558 1033 1594 15.

322 1616 594 1653 Mediolanensis
623 1618 820 1664 episcopus,
852 1617 951 1653 cuius
982 1629 1035 1653 sa-

323 1677 492 1712 cerdotali
530 1677 727 1713 ministerio
765 1677 946 1712 lauacrum
985 1688 1035 1712 re-

321 1736 559 1782 generationis
586 1737 806 1783 Augustinus
833 1737 971 1783 accepit
999 1736 1035 1771 II

324 1796 402 1837 251,
436 1797 489 1838 12,
520 1798 564 1840 cf.
590 1796 625 1831 II
648 1798 724 1838 267,
748 1798 779 1831 7.
815 1796 942 1831 beatus
963 1796 1035 1843 epi-

323 1866 449 1902 scopus
487 1856 681 1891 catholicus
716 1855 751 1890 II
783 1856 860 1897 206,
894 1858 953 1898 14;
989 1857 1033 1900 cf.

325 1914 360 1949 II
398 1915 476 1957 307,
516 1917 569 1951 23.
622 1915 896 1951 Ambrosianum
934 1915 1034 1951 testi-

322 1975 482 2010 monium
510 1975 545 2010 II
570 1975 646 2018 165,
672 1975 730 2017 15;
755 1976 798 2019 cs.
825 1975 978 2010 Iudicem
1002 1975 1033 2010 I.

276 2034 475 2070 ambulatio
499 2035 572 2070 ista
595 2046 667 2070 non
693 2034 847 2081 corporis
873 2034 1033 2081 pedibus,

322 2094 383 2129 sed
401 2094 532 2130 mentis
550 2095 741 2130 affectibus
759 2098 796 2130 et
815 2094 911 2130 uitae
930 2094 1034 2130 mori-

323 2153 390 2189 bus
413 2154 548 2200 geritur
574 2154 589 2189 I
614 2155 669 2196 93,
696 2155 748 2190 17.

279 2224 455 2260 Amorrei:
483 2224 499 2259 I
525 2225 601 2267 195,
627 2226 681 2260 27.

278 2284 452 2320 Ananias:
481 2283 497 2319 I
522 2285 599 2327 263,
626 2285 679 2320 18.

277 2343 425 2379 ancillae
449 2343 522 2379 dei:
550 2343 587 2378 ΙΙ
612 2344 688 2386 121,
714 2344 768 2379 24.

276 2403 435 2449 angelica
456 2406 585 2438 natura
610 2402 646 2438 II
668 2403 745 2445 204,
769 2403 822 2438 26.
858 2402 1034 2438 fortitudo

326 2462 362 2497 II
390 2463 468 2506 205,
497 2465 527 2498 1.
567 2462 709 2498 iustitia
738 2462 753 2497 Ι
780 2462 858 2504 514,
886 2464 918 2498 3.

277 2522 439 2569 angelus:
451 2521 567 2569 angeli
578 2533 640 2559 seu
651 2521 735 2558 boni
746 2532 808 2558 seu
818 2521 904 2557 mali
914 2524 1035 2557 utrum

323 2582 374 2617 sic
418 2585 616 2628 appareant
660 2581 804 2628 quando
851 2581 1034 2616 hominum

324 2642 440 2687 specie
465 2644 640 2688 apparent
664 2651 710 2676 au
735 2640 892 2676 habeant
916 2639 1036 2687 aliqua

322 2711 407 2736 uera
430 2711 578 2747 corpora
603 2701 619 2736 I
643 2701 721 2742 413,
745 2700 783 2742 8;
808 2700 852 2744 el.
876 2700 955 2742 403,
980 2700 1035 2736 24.

323 2760 402 2802 507,
426 2761 459 2796 9.
484 2762 538 2796 10.
563 2761 616 2796 19.
641 2761 695 2796 22.
720 2759 774 2795 25.
797 2759 877 2802 513,
900 2760 955 2795 23.
979 2758 1034 2795 25.

323 2819 402 2862 515,
429 2821 482 2856 10.
507 2820 586 2862 517,
612 2820 666 2855 18.
691 2819 770 2862 523,
795 2819 850 2855 20.

277 2878 414 2915 anima:
430 2879 571 2915 animae
583 2889 712 2914 nomen
727 2877 773 2914 ab
788 2889 830 2914 eo
845 2877 941 2924 quod
960 2887 1035 2914 cor·

1151 387 1218 423 pus
1232 376 1382 419 animat,
1399 377 1465 412 hoc
1481 379 1535 412 est
1560 376 1725 413 uiuificat
1750 378 1766 414 1
1783 380 1860 422 417,

1152 437 1207 472 10.
1228 436 1430 471 animarum
1454 435 1553 483 origo
1571 437 1666 472 unde
1682 437 1731 473 sit
1749 437 1764 473 I
1784 438 1862 480 385,

1153 496 1206 531 10.
1231 496 1275 531 de
1301 495 1441 531 animae
1461 495 1597 543 origine
1621 496 1659 532 in
1678 497 1863 544 scripturis

1152 555 1287 591 sanctis
1315 558 1412 592 certa
1439 559 1477 591 et
1504 559 1628 602 aperta
1655 556 1863 593 testimonia

1151 625 1223 650 non
1252 618 1316 651 aut
1343 614 1555 652 difficillime
1584 627 1685 662 posse
1711 616 1864 652 inueniri

1154 674 1172 710 I
1198 676 1275 718 144,
1302 676 1356 711 17.
1382 674 1456 710 scio
1481 675 1569 711 mihi
1593 686 1668 711 esse
1692 675 1814 711 datam
1841 687 1862 711 a

1151 734 1217 770 deo
1237 745 1300 770 nec
1318 738 1439 770 tamen
1457 745 1531 770 esse
1548 735 1592 770 de
1610 735 1677 771 deo
1698 735 1714 770 I
1732 736 1810 778 391,
1829 736 1861 771 5.

1151 794 1272 830 anima
1292 805 1337 830 ex
1358 794 1449 830 flatu
1469 794 1526 830 dei
1555 794 1663 830 habet
1692 795 1862 841 originem

1154 853 1170 888 I
1196 854 1274 896 416,
1302 855 1333 890 2.
1372 853 1493 889 anima
1519 854 1703 890 rationalis
1727 854 1802 890 siue
1827 858 1864 890 et

1151 913 1229 959 ipsa
1254 925 1299 949 ex
1323 913 1531 960 parentibus
1557 917 1673 949 tracta
1697 913 1774 949 siue
1799 914 1864 949 ibi·

1151 973 1233 1009 dem
1263 976 1382 1009 creata
1409 973 1485 1009 siue
1513 973 1663 1019 desuper
1689 973 1864 1020 inspirata

1154 1032 1171 1068 I
1189 1034 1244 1074 70,
1263 1035 1295 1068 4.
1327 1033 1465 1068 animas
1483 1043 1504 1067 a
1522 1036 1678 1068 creatore
1695 1033 1761 1069 deo
1791 1043 1864 1069 non

1152 1093 1195 1128 de
1216 1092 1327 1138 ipsius
1349 1092 1552 1128 substantia
1571 1092 1650 1128 fieri
1673 1092 1689 1127 I
1709 1093 1786 1134 418,
1809 1094 1862 1128 20.

1151 1152 1272 1187 anima
1310 1155 1430 1187 utrum
1469 1163 1563 1187 noua
1598 1152 1775 1187 diuinitus
1811 1153 1865 1187 in-

1153 1211 1302 1248 sufflata
1322 1212 1370 1247 sit
1389 1223 1435 1247 an
1455 1212 1499 1248 de
1520 1211 1728 1258 parentibus
1748 1215 1864 1247 tracta

1156 1271 1171 1306 I
1199 1272 1276 1314 386,
1307 1272 1359 1307 19.
1388 1271 1508 1306 anima
1535 1271 1690 1306 hominis
1715 1271 1785 1307 nisi
1812 1282 1864 1306 ra-

1153 1331 1299 1367 tionalis
1322 1342 1397 1367 esse
1421 1341 1492 1366 non
1517 1334 1635 1377 potest
1661 1330 1677 1365 Ι
1702 1332 1779 1372 202,
1804 1331 1863 1371 27;

1153 1391 1197 1435 cs.
1226 1390 1242 1426 I
1267 1391 1322 1432 67,
1349 1391 1403 1426 26.
1429 1391 1484 1433 69,
1511 1391 1543 1426 8.
1582 1390 1702 1426 anima
1727 1390 1865 1426 cunctis

1154 1461 1245 1496 quae
1262 1450 1428 1486 uiuificat
1445 1453 1552 1496 atque
1569 1449 1707 1485 animat
1723 1453 1864 1496 praesto

1153 1513 1208 1545 est
1224 1510 1239 1545 Ι
1253 1510 1330 1552 388,
1347 1510 1399 1545 10.
1427 1510 1548 1545 anima
1568 1510 1770 1556 praesentia
1801 1519 1864 1544 sua

1154 1573 1300 1616 uegetat
1330 1573 1458 1605 cuncta
1491 1569 1507 1604 I
1537 1570 1614 1611 393,
1648 1570 1700 1604 16.
1744 1568 1864 1604 anima

1153 1629 1245 1665 sitne
1264 1629 1469 1674 incorporea
1488 1631 1526 1664 et
1543 1629 1737 1664 secundum
1757 1628 1865 1674 scrip-

1153 1692 1251 1724 turas
1283 1688 1424 1723 dicatur
1456 1688 1602 1734 spiritus
1636 1687 1652 1722 1
1685 1688 1763 1729 396,
1811 1688 1863 1723 17.

1152 1748 1272 1783 anima
1296 1758 1392 1783 more
1416 1748 1619 1783 diuinorum
1644 1747 1863 1792 eloquiorum

1151 1807 1261 1843 etiam
1296 1807 1443 1853 spiritus
1477 1807 1609 1842 dicitur
1645 1806 1661 1841 I
1695 1807 1773 1848 416,
1811 1807 1863 1841 17.

1152 1867 1274 1902 anima
1305 1867 1414 1902 etiam
1446 1867 1567 1912 propie
1599 1865 1745 1912 spiritus
1776 1875 1865 1900 nun·

1153 1930 1305 1972 cupatur
1333 1937 1405 1961 non
1433 1926 1610 1968 uniuersa,
1639 1925 1701 1961 sed
1729 1924 1864 1971 aliquid

1154 1986 1229 2022 eius
1249 1986 1265 2021 Ι
1282 1986 1361 2027 396,
1380 1986 1434 2021 19.
1465 1986 1621 2021 animam
1638 1984 1747 2020 etiam
1765 1984 1866 2030 spiri-

1094 2089 1098 2095 ,
1155 2050 1233 2082 tum
1265 2045 1463 2091 nuncupari
1496 2045 1512 2080 I
1544 2046 1622 2087 417,
1654 2045 1687 2080 6.
1720 2043 1798 2086 415,
1831 2044 1863 2079 8.

1152 2106 1252 2141 salua
1266 2105 1498 2141 distinctione
1513 2104 1652 2139 animae
1668 2106 1705 2139 et
1719 2103 1865 2149 spiritus

1152 2165 1262 2200 etiam
1274 2164 1520 2200 uniuersaliter
1531 2163 1688 2199 animam
1700 2162 1864 2208 spiritum

1153 2218 1351 2270 nuncupari
1387 2222 1403 2258 I
1437 2224 1515 2265 418,
1550 2224 1604 2259 24.
1653 2222 1794 2258 animae
1828 2225 1866 2257 et

1153 2283 1302 2330 spiritus
1332 2283 1455 2319 eadem
1487 2286 1618 2318 natura
1651 2281 1668 2316 1
1698 2282 1776 2323 398,
1809 2281 1863 2316 28.

1153 2343 1274 2379 anima
1309 2353 1382 2378 non
1417 2342 1524 2384 aeria,
1561 2341 1623 2377 sed
1658 2341 1866 2387 incorporea

1155 2402 1172 2438 I
1190 2403 1269 2445 398,
1287 2402 1320 2438 8.
1350 2402 1389 2436 in
1407 2401 1527 2437 anima
1543 2400 1741 2437 similitudo
1759 2410 1865 2446 quae-

1153 2462 1237 2498 dam
1253 2461 1409 2507 eorporis
1429 2471 1494 2496 nee
1517 2461 1595 2507 ipsa
1610 2470 1737 2506 corpus
1754 2458 1770 2494 1
1785 2459 1864 2501 406,

1155 2522 1208 2558 12.
1245 2520 1385 2557 animas
1407 2520 1536 2557 habere
1557 2519 1597 2554 in
1619 2530 1656 2555 se
1679 2528 1864 2565 corporum

1152 2580 1405 2616 similitudines
1426 2579 1661 2626 incorporeas,
1685 2578 1780 2624 ipsas
1803 2587 1866 2612 au·
1909 2623 1912 2627 ι

1153 2643 1227 2676 tem
1259 2650 1332 2676 non
1362 2649 1438 2675 esse
1469 2648 1617 2685 eorpora
1651 2637 1667 2673 1
1698 2637 1776 2678 418,
1809 2636 1863 2672 22.

1153 2699 1313 2735 animam
1333 2708 1406 2734 non
1427 2708 1555 2744 eorpus
1573 2707 1648 2734 esse
1671 2695 1688 2732 1
1708 2696 1787 2738 417,
1809 2695 1864 2731 16.

1154 2762 1276 2794 utrum
1300 2757 1422 2794 anima
1445 2760 1483 2793 et
1505 2756 1586 2804 ipsa
1608 2755 1733 2792 eodem
1758 2754 1864 2790 modo

1153 2820 1351 2864 propagata
1371 2819 1474 2854 reatu
1493 2815 1667 2852 obstricta
1687 2824 1735 2850 an
1754 2813 1865 2850 etiam

1153 2887 1227 2913 non
1244 2878 1443 2924 propagata
1458 2874 1572 2922 ipsius
1589 2873 1728 2922 peccati
1745 2871 1866 2910 remis·
