2028 3204
284 202 364 245 312
723 211 781 246 IV.
811 211 863 246 De
896 214 1024 247 natura
1055 214 1092 246 et
1123 210 1255 257 origine
1286 209 1423 246 animae

281 337 378 388 fide,
430 342 591 392 quanta
632 350 716 391 spe,
766 340 927 391 quanta
958 335 1133 378 caritate
1163 340 1339 378 mortem
1384 348 1458 389 pro
1490 334 1653 378 Christo
1687 335 1853 378 uiuente

282 403 486 458 suscipere
520 402 672 457 potuit,
708 401 778 456 qui
810 401 944 443 uitam
975 401 1018 443 in
1049 400 1252 443 moriente
1286 400 1523 456 quaesiuit?
1565 401 1647 443 huc
1676 400 1849 450 accedit,

283 469 380 524 quia
412 481 495 510 non
527 467 824 510 incredibiliter
855 466 1009 509 dicitur
1042 466 1248 508 latronem
1281 466 1351 521 qui
1382 470 1485 508 tunc
1517 466 1693 508 credidit
1734 466 1854 509 iuxta

284 534 500 577 dominum
522 532 769 575 crucifixum
793 546 903 588 aqua
924 532 1006 583 illa,
1028 546 1132 587 quae
1155 532 1207 574 de
1228 532 1395 574 uulnere
1412 531 1551 574 lateris
1569 531 1655 574 eius
1673 531 1855 578 emicuit.

282 606 499 655 tamquam
526 599 804 641 sacratissimo
827 597 1035 653 baptismo
1056 597 1180 640 fuisse
1200 597 1426 653 perfusum,
1455 602 1502 639 ut
1526 597 1720 640 omittam
1744 597 1855 654 quod
1884 611 1895 626 «-

283 680 390 716 eum,
440 670 669 720 antequam
717 665 999 713 damnaretur,
1050 663 1312 719 baptizatum
1356 676 1438 705 non
1480 663 1617 714 fuisse,
1661 663 1855 718 quoniam

286 745 405 773 nemo
453 735 641 772 nostrum
698 729 829 779 nouit,
878 742 999 770 nemo
1046 728 1270 771 conuincit.
1329 742 1472 770 uerum
1513 729 1615 770 haec
1656 733 1704 770 ut
1744 728 1857 770 uolet

288 797 462 852 quisque
509 795 702 850 accipiat,
750 796 851 837 dum
899 799 1040 836 tamen
1086 795 1138 836 de
1182 794 1392 849 baptismo
1436 807 1519 835 non
1552 793 1858 848 praescribatur

286 862 506 905 ¹saluatoris
557 865 778 916 praecepto
827 860 948 902 huius
993 859 1166 902 latronis
1208 860 1396 914 exemplo
1428 863 1471 901 et
1516 873 1599 901 non
1632 859 1857 914 baptizatis

290 927 472 983 paruulis
499 941 619 968 nemo
650 926 872 981 promittat
889 926 998 968 inter
1025 925 1337 967 damnationem
1370 938 1624 979 regnumque
1653 925 1857 966 caelorum

289 993 439 1048 quietis
485 993 550 1034 uel
594 991 806 1034 felicitatis
856 991 1076 1033 cuiuslibet
1122 995 1252 1046 atque
1299 990 1474 1032 ubilibet
1515 990 1633 1045 quasi
1673 990 1857 1032 medium

290 1060 435 1101 locum.
479 1058 557 1099 hoc
590 1057 698 1099 enim
732 1057 788 1099 eis
821 1057 947 1098 etiam
979 1056 1131 1098 heresis
1164 1057 1386 1111 Pelagiana
1418 1056 1621 1110 promisit,
1656 1055 1753 1110 quia
1786 1069 1859 1097 nec

288 1124 601 1167 damnationem
630 1122 781 1164 metuit
805 1122 1002 1177 paruulis,
1027 1135 1129 1176 quos
1158 1122 1315 1164 nullum
1338 1126 1461 1177 putat
1487 1121 1638 1163 habere
1666 1120 1860 1174 originale

290 1194 520 1245 peccatum,
548 1202 622 1230 nec
649 1193 789 1243 sperat
813 1188 870 1230 eis
902 1201 1073 1243 regnum
1107 1188 1330 1233 caelorum.-
1361 1187 1395 1229 si
1426 1200 1508 1228 non
1528 1187 1778 1241 perueniunt
1806 1185 1859 1227 ad

291 1255 557 1310 baptismatis
591 1259 910 1297 sacramentum.
963 1254 1041 1295 iste
1073 1258 1214 1295 autem
1256 1267 1350 1294 cum
1383 1253 1634 1294 confiteatur
1668 1251 1861 1306 paruulos
1914 1263 1925 1271 ·

292 1321 478 1375 originali
523 1320 743 1361 obstrictos
793 1333 878 1361 esse
929 1323 1112 1373 peccato,
1158 1319 1216 1361 eis
1263 1319 1389 1360 etiam
1436 1331 1607 1373 regnum
1655 1317 1861 1360 caelorum

293 1401 374 1429 non
422 1385 648 1440 baptizatis
699 1399 822 1427 ausus
862 1390 923 1427 est
956 1384 1150 1439 polliceri,
1185 1384 1294 1440 quod
1329 1397 1403 1426 nec
1434 1383 1494 1425 illi
1525 1383 1614 1425 ausi
1645 1387 1756 1431 sunt,
1791 1382 1862 1437 qui

292 1466 359 1494 eos
404 1455 593 1494 asserunt
640 1451 726 1493 sine
772 1451 855 1493 ullo
903 1464 1068 1505 prorsus
1116 1464 1200 1492 esse
1242 1454 1425 1505 peccato.
1475 1462 1566 1491 ecce
1599 1448 1790 1504 qualibus
1821 1460 1863 1490 se

293 1517 447 1573 laqueis
468 1516 818 1572 praesumptionis
835 1516 1035 1566 innectat,
1057 1515 1137 1558 nisi
1157 1529 1251 1557 eum
1274 1515 1376 1557 talia
1395 1514 1604 1569 scripsisse
1628 1512 1862 1569 paeniteat!

381 1583 434 1625 X.
485 1585 545 1625 12.
597 1583 660 1626 De
705 1583 833 1624 fratre
879 1586 1018 1623 autem
1067 1586 1236 1623 sanctae
1269 1582 1498 1636 Perpetuae
1531 1580 1756 1623 Dinocrate
1789 1591 1864 1620 nec

293 1649 499 1703 scriptura
543 1648 635 1703 ipsa
681 1647 879 1689 canonica
921 1652 982 1689 est
1023 1660 1098 1689 nec
1128 1647 1199 1688 illa
1231 1647 1288 1688 sic
1319 1645 1484 1700 scripsit
1516 1645 1581 1687 uel
1614 1644 1864 1699 quicumque

295 1714 395 1756 illud
435 1714 613 1769 scripsit,
656 1718 704 1755 ut
745 1712 861 1754 illum
906 1726 1093 1767 puerum,
1151 1712 1221 1767 qui
1267 1711 1478 1766 septennis
1533 1715 1721 1752 mortuus
1768 1709 1862 1759 fuit,

293 1780 380 1821 sine
412 1779 623 1833 baptismo
655 1779 810 1820 diceret
842 1777 967 1820 fuisse
999 1779 1257 1827 defunctum,
1299 1790 1374 1833 pro
1407 1790 1488 1830 quo
1521 1776 1591 1818 illa
1620 1775 1864 1817 imminente

295 1845 495 1900 martyrio
525 1844 708 1887 creditur
734 1843 946 1890 exaudita,
976 1849 1024 1886 ut
1054 1857 1078 1885 a
1100 1843 1242 1899 poenis
1270 1843 1563 1884 transferretur
1587 1842 1639 1883 ad
1667 1840 1863 1895 requiem.

296 1924 393 1953 nam
434 1910 542 1952 illius
584 1910 735 1952 aetatis
776 1909 892 1965 pueri
924 1914 966 1951 et
997 1909 1166 1951 mentiri
1198 1913 1239 1951 et
1271 1922 1414 1950 uerum
1452 1907 1566 1962 loqui
1600 1911 1642 1949 et
1675 1905 1865 1949 confiteri

296 1982 338 2018 et
379 1990 527 2030 negare
558 1976 641 2017 iam
674 1980 861 2030 possunt.
915 1980 957 2016 et
997 1975 1091 2016 ideo
1124 1988 1218 2017 cum
1252 1974 1532 2029 baptizantur,
1567 1972 1649 2014 iam
1682 1977 1725 2014 et
1756 1984 1866 2026 sym-

297 2042 438 2084 bolum
485 2041 668 2084 reddunt
715 2045 756 2083 et
803 2041 879 2096 ipsi
913 2054 986 2096 pro
1020 2054 1061 2082 se
1094 2040 1147 2082 ad
1179 2039 1436 2094 interrogata
1465 2037 1732 2094 respondent.
1776 2036 1867 2091 quis

298 2108 422 2162 igitur
463 2107 553 2157 scit,
606 2111 747 2148 utrum
781 2119 881 2161 puer
916 2106 983 2147 ille
1014 2110 1110 2161 post
1144 2105 1399 2159 baptismum
1433 2103 1728 2158 persecutionis
1760 2105 1883 2144 tcm·'

301 2186 396 2227 pore
429 2186 453 2214 a
485 2177 604 2227 patre
635 2171 765 2226 impio
798 2185 870 2226 per
916 2171 1195 2213 idololatriam
1243 2170 1367 2212 fuerit
1399 2169 1602 2211 alienatus
1635 2182 1659 2210 a
1689 2167 1865 2216 Christo,

298 2242 467 2293 propter
510 2238 618 2292 quod
654 2237 697 2278 in
739 2237 1052 2279 damnationem
1083 2240 1272 2278 mortuus
1305 2235 1399 2277 ierit
1442 2248 1517 2276 nec
1550 2234 1645 2276 inde
1682 2232 1761 2274 nisi
1793 2245 1867 2287 pro

299 2303 462 2346 Christo
495 2303 720 2345 moriturae
753 2302 901 2345 sororis
932 2301 1124 2357 precibus
1156 2302 1336 2343 donatus
1369 2299 1546 2342 exierit?

391 2428 435 2463 12
451 2428 495 2463 cf.
518 2428 606 2473 Aug.
627 2428 680 2462 De
699 2427 898 2462 haeresibus
920 2438 998 2473 cap.
1014 2427 1057 2463 88
1077 2426 1196 2471 (XLII
1216 2427 1258 2461 48
1277 2425 1328 2470 M)
1403 2425 1447 2460 30
1462 2424 1506 2460 cf.
1522 2424 1624 2459 Rom.
1641 2423 1673 2464 5,
1691 2422 1732 2457 16

394 2523 411 2558 1
429 2522 610 2557 uiuentem
621 2522 650 2557 C
782 2524 802 2557 2
816 2521 907 2557 huno
921 2522 954 2557 A
1087 2522 1109 2556 3
1124 2520 1240 2566 inquit
1253 2520 1282 2555 C
1290 2520 1382 2566 (exp.
1397 2519 1468 2564 ml)
1597 2517 1619 2553 6
1631 2515 1824 2563 nquoniam
1837 2515 1867 2550 C

303 2583 325 2618 8
337 2582 599 2629 praesciebatur
616 2582 647 2617 Ε
738 2582 780 2617 12
794 2581 944 2616 haeresis
959 2581 1055 2617 ΔΘΕ
1157 2582 1200 2616 13
1217 2579 1312 2626 quod
1327 2580 1369 2614 M
1469 2578 1512 2614 15
1529 2588 1594 2614 oon
1608 2575 1820 2613 cfifiteamur
1831 2575 1865 2610 A

304 2643 348 2678 18
360 2641 455 2678 ento
500 2644 605 2688 peoto
617 2642 649 2676 A
696 2641 738 2676 19
753 2640 941 2676 innectant
952 2641 995 2675 M
1039 2639 1136 2686 eum]
1150 2640 1243 2676 enim
1253 2640 1295 2675 M
1353 2639 1393 2675 21
1408 2637 1460 2674 sic
1475 2648 1538 2674 om.
1551 2637 1595 2672 Μ
1649 2637 1697 2672 22
1710 2634 1820 2671 fucrit
1834 2634 1867 2670 A

300 2704 355 2737 est
368 2703 400 2737 E
415 2701 532 2736 fuerat
544 2702 566 2736 d
658 2701 700 2737 23
714 2710 785 2746 qua
796 2701 838 2734 M
924 2700 966 2735 24
981 2700 1212 2735 transferetur
1226 2698 1419 2735 BCFmIM
1502 2696 1547 2733 26
1558 2695 1630 2732 iam
1646 2694 1696 2742 et]
1711 2693 1820 2730 etiam
1835 2693 1868 2729 E

309 2760 499 2796 simbulum
513 2761 547 2796 A
562 2759 752 2796 simbolum
768 2759 901 2795 BCGM
957 2760 1002 2795 28
1017 2758 1107 2795 sitD
1161 2759 1206 2794 29
1220 2756 1421 2794 idolatriam
1438 2755 1472 2790 D
1523 2757 1568 2792 30
1579 2753 1704 2791 mortis
1717 2752 1868 2796 Beros»

309 2821 449 2855 intexta
539 2820 623 2855 indo
638 2819 704 2855 nisi
720 2818 798 2866 pro]
812 2818 950 2855 indenis
961 2819 996 2854 in
1013 2819 1042 2854 0
