2028 3204
317 251 397 293 608

362 384 478 408 sacrae
503 371 645 417 nuptias
669 370 828 405 fidelium
853 370 1075 416 coaequabat

367 432 381 467 1
410 433 487 472 425,
520 432 571 466 16.
605 430 639 464 II
669 431 746 471 267,
777 431 831 471 20,
859 431 904 473 cs.
935 431 1012 471 268,
1042 431 1072 465 2.

361 489 690 526 sanctimonialibus
715 488 824 524 etiam
850 492 969 524 aetate
995 500 1073 535 pro-

362 549 576 584 uectioribus
588 549 731 594 nuptias
743 548 955 593 persuasisse
968 548 983 583 1
997 549 1071 590 139,

361 611 414 644 20.
470 608 654 643 catholicis
708 607 910 642 Manicheos
963 608 1074 644 obicit

364 668 398 703 ΙΙ
426 669 502 708 292,
532 669 583 703 10.
612 667 786 702 nouellam
815 667 963 702 heresim
992 679 1072 702 con-

361 728 441 762 dere
466 733 615 762 conatus
642 727 676 761 11
702 728 778 768 292,
804 729 835 762 4.
860 728 891 762 8.

319 787 416 823 Isaac
434 798 504 821 non
521 787 595 821 sine
614 786 823 821 concubitus
841 786 953 821 calore
970 797 1071 832 gene·

362 850 459 881 ratus
489 846 524 881 11
553 847 629 887 276,
660 848 688 881 1.
718 857 839 881 omnes
866 845 1072 891 spiritaliter

360 906 405 941 ad
422 905 515 940 filios
535 905 633 940 Isaac
652 905 868 951 pertinentes
888 905 902 939 I
923 906 998 947 192,
1019 907 1071 947 17,

360 966 402 1009 cs.
420 966 497 1007 260,
513 967 566 1000 21.
585 966 661 1007 263,
680 966 731 1000 17.
750 976 819 1000 non
836 965 942 999 luisse
956 965 1071 999 filium

359 1025 503 1066 diaboli,
527 1025 587 1059 sed
610 1024 853 1070 promissionis
878 1024 892 1059 I
915 1026 992 1067 488,
1019 1026 1070 1060 17.
1107 1059 1109 1086 l

360 1085 437 1125 494,
465 1085 516 1119 16.
545 1084 622 1125 501,
651 1085 702 1119 18.

318 1143 464 1179 Israhel:
485 1143 501 1178 Ι
519 1144 595 1184 126,
614 1144 666 1178 18.
686 1144 760 1184 155,
780 1144 832 1179 15.
852 1145 928 1185 192,
947 1145 998 1179 16.
1016 1145 1070 1180 29.

362 1204 437 1244 193,
455 1204 486 1238 9.
508 1203 560 1238 10.
582 1204 656 1245 194,
674 1205 705 1238 4.
725 1204 756 1238 7.
777 1204 1069 1246 195,17.201,1.

360 1264 391 1297 6.
424 1262 502 1303 415,
533 1263 564 1297 3.
598 1265 628 1297 4.
662 1263 740 1304 477,
774 1264 825 1298 18.
861 1262 897 1298 II
928 1264 984 1305 45,
1016 1264 1069 1299 13.

362 1321 493 1356 Israhel
518 1321 585 1356 filii
611 1321 646 1357 11
674 1322 749 1364 187,
775 1323 829 1358 21.

317 1380 520 1416 Israhelitae
560 1381 573 1415 l
611 1384 642 1423 4,
667 1383 733 1417 ’23.
771 1382 874 1417 annis
909 1382 1072 1417 omnibus

359 1441 513 1475 decimas
539 1441 704 1486 praebere
731 1441 867 1476 Leuitis
894 1441 910 1476 Ι
937 1443 1013 1483 112,
1040 1443 1069 1477 2.

360 1501 505 1545 Moysen
527 1500 571 1534 iis
595 1500 792 1546 permisisse
815 1501 885 1536 alia
909 1501 1071 1548 copulare
1107 1508 1109 1519 '

360 1560 511 1595 conubia
538 1560 574 1595 ΙΙ
599 1561 676 1602 223,
704 1561 757 1596 12.

316 1619 422 1654 Iuda:
444 1619 459 1654 Ι
480 1620 554 1661 192,
576 1621 627 1655 17.
649 1621 701 1655 29.
720 1621 775 1656 30.
797 1621 872 1662 193,
891 1621 923 1656 9.
941 1621 1019 1663 415,
1038 1622 1068 1655 4.

316 1678 454 1714 Iudaei:
470 1679 635 1714 dominus
648 1679 693 1714 ab
707 1679 752 1715 iis
765 1680 946 1715 consultus
963 1680 978 1715 I
992 1681 1070 1722 430,

362 1739 413 1773 12.
432 1750 493 1784 per
509 1750 630 1775 omnes
648 1743 758 1774 terras
776 1739 906 1785 ubique
923 1739 1071 1785 dispersi

363 1797 377 1832 I
406 1798 484 1840 495,
515 1800 567 1834 26.
599 1798 786 1834 carnaliter
814 1799 925 1844 legem
954 1799 1070 1835 obser-

361 1862 486 1893 uantes
508 1857 523 1892 Ι
542 1858 620 1900 512,
642 1859 694 1893 19.
715 1859 758 1893 de
777 1862 924 1904 accepta
942 1858 1016 1904 lege
1035 1869 1070 1894 se

360 1917 580 1952 extollebant
604 1917 619 1952 I
642 1918 718 1960 160,
742 1919 793 1954 17.
818 1919 894 1960 197,
916 1919 970 1954 20.
992 1917 1070 1954 sab·

360 1976 484 2011 batum
516 1977 708 2012 obseruant
742 1977 758 2012 I
790 1978 866 2020 181,
900 1979 952 2014 18.
984 1977 1071 2023 legis

359 2036 539 2071 auditores
565 2036 581 2072 I
604 2037 680 2078 199,
704 2038 757 2072 22.
782 2038 859 2079 200,
882 2038 913 2072 7.
937 2038 1014 2079 203,
1039 2039 1068 2072 1.

361 2096 437 2137 235,
468 2096 499 2131 2.
530 2106 651 2130 eorum
680 2096 854 2132 iactantia
885 2096 902 2131 I
930 2098 1008 2139 204,
1039 2098 1069 2132 1.

359 2165 430 2189 non
467 2159 520 2189 est
558 2155 768 2191 Iudaeorum
806 2159 948 2191 tantum
984 2156 1070 2191 deus

362 2212 378 2247 I
401 2215 479 2255 204,
505 2215 558 2256 10,
581 2215 624 2258 cl.
651 2214 666 2249 Ι
688 2215 767 2257 501,
791 2216 844 2251 28.
868 2216 947 2258 505,
971 2216 1024 2251 18.

317 2272 486 2308 Iudaeus:
514 2273 529 2307 I
554 2275 630 2315 164,
657 2276 708 2309 18.
735 2275 811 2317 165,
836 2276 888 2311 13.
914 2276 992 2317 213,
1016 2275 1069 2310 15.

316 2331 482 2367 Iudaicus
497 2333 649 2379 populus
665 2333 873 2379 reprobatus
891 2334 926 2369 II
944 2335 1020 2377 190,
1038 2335 1069 2369 2.

283 2419 288 2424 .
316 2391 534 2427 Iudaismus:
578 2392 687 2438 legem
731 2403 876 2438 operum
919 2405 993 2429 esse
1033 2393 1071 2428 in

363 2450 544 2486 Iudaismo
571 2451 587 2486 I
614 2453 689 2494 173,
717 2453 769 2487 19.

317 2510 424 2546 Iudas
469 2510 621 2546 traditor
665 2515 774 2557 caput
819 2512 903 2557 poni
947 2512 1072 2547 debuit

361 2573 586 2615 peccatorum
606 2570 623 2605 I
642 2571 696 2613 19,
714 2571 744 2606 7.
767 2570 892 2606 Iudam
912 2571 1072 2607 Christus

361 2640 431 2664 non
456 2629 646 2666 suscitauit
671 2629 687 2665 I
712 2630 789 2673 237,
815 2632 868 2666 14.

313 2688 484 2724 iudicium
515 2689 802 2732 ecclesiasticum,
835 2689 896 2725 ubi
929 2689 1070 2735 Pelagio

360 2749 614 2784 anathemante
641 2748 761 2784 omnia
787 2749 959 2784 damnata
985 2752 1070 2784 sunt

362 2806 398 2842 II
424 2808 478 2850 78,
506 2808 558 2844 18.
585 2808 779 2844 Caelestius
802 2807 903 2844 uenit
925 2807 972 2843 ad
994 2807 1070 2843 iud.

363 2866 398 2901 Il
431 2867 508 2910 100,
539 2867 594 2903 22.
627 2867 680 2903 26.
712 2866 848 2904 libellos
879 2866 1071 2903 Caelestius

800 252 846 288 11.
875 251 988 290 Index
1010 253 1194 289 nominum
1217 257 1255 289 et
1279 263 1404 290 rerum.

1179 347 1323 417 ‘allegat
1349 371 1423 407 iud.
1451 372 1534 408 eccl.
1574 372 1610 408 11
1647 374 1723 416 149,
1759 374 1815 410 30.
1850 373 1902 410 iu-

1191 435 1324 471 dicium
1350 436 1608 474 Palaestinum:
1634 449 1725 484 quae
1742 438 1904 486 Pelagius

1191 495 1241 530 ibi
1257 495 1344 531 ficto
1360 496 1463 532 corde
1479 497 1706 534 damnauerit
1721 497 1737 533 Ι
1752 499 1831 541 453,
1849 499 1901 535 18.

1150 560 1271 596 Iudith
1289 561 1382 596 iuste
1399 561 1530 598 uixisse
1547 562 1698 599 refertur
1717 563 1733 599 1
1751 564 1829 606 263,
1848 565 1900 600 21.

1146 620 1223 655 iura
1256 621 1462 667 nuptiarum
1495 622 1602 658 semel
1632 623 1726 658 inita
1756 627 1902 659 manent

1190 679 1284 715 inter
1309 680 1472 716 uiuentes
1500 681 1535 716 II
1562 683 1639 724 223,
1667 683 1719 718 15.

1145 739 1367 782 iustificam),
1412 751 1483 786 qua
1527 741 1686 777 Christus
1728 741 1902 777 iustificat

1189 799 1326 845 inpium
1352 799 1369 835 Ι
1394 800 1448 841 18,
1476 802 1527 836 11.

1145 864 1300 900 iustitia:
1331 865 1415 902 iust.
1445 867 1501 902 dei
1531 866 1606 902 sine
1636 866 1710 912 lege
1740 866 1826 912 quid
1856 867 1902 902 sit

1192 923 1209 959 I
1232 925 1308 966 167,
1332 926 1384 961 19.
1406 926 1445 961 in
1466 930 1682 961 testamento
1704 929 1822 961 uetere
1844 937 1902 962 ue·

1191 984 1265 1018 lata
1296 984 1333 1019 in
1364 996 1457 1022 nouo
1490 986 1668 1021 reuelatur
1712 985 1727 1020 1
1760 986 1837 1027 171,
1869 987 1900 1021 4.

1191 1043 1346 1089 perfecta
1365 1045 1505 1081 iustitia
1524 1045 1667 1091 quando
1686 1045 1794 1080 etiam
1815 1045 1902 1090 quid

1190 1103 1257 1138 sibi
1281 1104 1374 1139 desit
1395 1104 1571 1150 intellegit
1596 1105 1611 1140 Ι
1635 1105 1712 1146 508,
1739 1105 1791 1140 16.
1817 1105 1901 1140 haec

1189 1162 1258 1198 erit
1297 1163 1333 1198 in
1374 1164 1544 1200 eminenti
1584 1164 1732 1199 scientia
1772 1164 1902 1199 Christi

1193 1222 1208 1256 Ι
1236 1223 1313 1264 513,
1341 1223 1373 1259 5.
1402 1224 1543 1259 iustitia
1569 1235 1613 1259 ex
1640 1223 1714 1269 lege
1741 1223 1828 1269 quid
1855 1223 1902 1259 sit

1193 1281 1209 1316 I
1229 1282 1308 1324 514,
1333 1284 1385 1325 19,
1407 1286 1451 1328 cs.
1473 1284 1550 1326 510,
1574 1285 1626 1319 27.
1650 1283 1790 1318 iustitia
1812 1293 1902 1328 quae

1191 1352 1274 1376 uera
1307 1342 1355 1377 sit
1392 1343 1405 1377 1
1438 1344 1515 1386 515,
1549 1344 1580 1378 6.
1616 1343 1693 1384 215,
1730 1343 1782 1378 13.
1816 1342 1899 1378 iust.

1191 1401 1246 1436 dei
1273 1412 1344 1436 non
1374 1402 1411 1437 in
1441 1406 1629 1449 praecepto
1659 1402 1745 1448 legis
1774 1402 1835 1437 sed
1864 1402 1900 1436 in

1190 1460 1367 1496 adiutorio
1400 1462 1535 1508 gratiae
1568 1461 1699 1497 Christi
1730 1460 1902 1497 constitu-

1191 1524 1265 1554 tam
1307 1532 1380 1556 esse
1408 1522 1423 1556 I
1450 1523 1515 1558 233
1542 1524 1593 1557 14.
1620 1521 1703 1557 iust.
1730 1520 1816 1566 legis
1841 1531 1902 1556 cur

1190 1584 1411 1625 proponatur
1437 1581 1452 1615 I
1478 1582 1554 1623 207,
1579 1582 1616 1622 4;
1641 1581 1685 1624 cl.
1709 1580 1787 1622 508,
1815 1581 1901 1616 18—

1189 1639 1267 1682 515,
1294 1641 1347 1675 26.

1144 1775 1408 1812 latinus-a-um:
1425 1777 1536 1812 codex
1551 1776 1659 1818 1319,
1676 1777 1728 1811 17.
1747 1775 1782 1811 II
1797 1776 1852 1818 92,
1867 1777 1899 1811 4.

1188 1835 1361 1881 interpres
1381 1835 1416 1871 11
1433 1837 1488 1878 95,
1508 1837 1560 1872 13.
1578 1835 1699 1881 lingua
1719 1834 1753 1870 ΙΙ
1771 1836 1849 1878 313,
1867 1836 1899 1871 3.

1189 1894 1378 1941 scriptores
1399 1895 1435 1930 11
1457 1896 1532 1938 159,
1553 1896 1606 1931 27.
1627 1894 1715 1930 liber
1736 1894 1771 1929 II
1791 1895 1847 1936 56,
1866 1895 1899 1930 3.

1189 1954 1299 1990 latine
1322 1954 1338 1989 I
1360 1956 1435 1997 118,
1458 1956 1511 1991 22.
1534 1956 1611 1998 170,
1634 1956 1686 1990 11.
1711 1953 1747 1988 ΙΙ
1767 1955 1822 1996 83,
1845 1954 1898 1990 18.

1145 2025 1235 2061 latro
1253 2026 1312 2070 (cs.
1328 2026 1411 2061 Luc.
1429 2025 1485 2068 23,
1503 2025 1562 2071 43)
1578 2037 1599 2060 a
1616 2025 1792 2071 Cypriane
1808 2024 1901 2060 inter

1188 2089 1363 2131 martyres
1384 2085 1529 2132 ponitur
1551 2085 1568 2120 I
1589 2086 1666 2127 311,
1691 2086 1743 2121 13.
1767 2085 1821 2120 24.
1845 2085 1898 2120 26.

1190 2144 1341 2180 fueritne
1368 2144 1573 2191 baptizatus
1601 2144 1618 2179 Ι
1643 2145 1722 2186 369,
1749 2144 1781 2180 8.

1143 2209 1325 2245 lauacrum
1340 2199 1474 2255 p'assim
1514 2220 1628 2256 aquae
1646 2208 1756 2251 1522,
1772 2210 1804 2244 7.
1820 2208 1899 2250 540,

1190 2270 1242 2304 16.
1265 2269 1343 2312 541,
1364 2270 1396 2305 5.
1418 2268 1696 2315 regenerationis
1716 2267 1733 2303 Ι
1761 2269 1815 2311 24,
1844 2269 1898 2304 20.

1199 2330 1254 2371 31,
1267 2329 1300 2364 3.
1315 2329 1392 2371 236,
1407 2330 1436 2364 1.
1451 2329 1529 2371 238,
1544 2330 1596 2364 11.
1613 2327 1649 2363 II
1668 2328 1724 2371 81,
1746 2328 1799 2364 18.
1822 2328 1898 2370 167,

1188 2388 1220 2423 6.
1249 2388 1325 2430 202,
1349 2389 1402 2424 21.
1426 2389 1503 2431 212,
1528 2389 1561 2424 3.
1584 2390 1643 2424 cet.
1670 2386 1899 2434 baptismatis

1191 2446 1207 2483 1
1235 2448 1313 2490 466,
1344 2447 1397 2483 15.
1429 2447 1465 2483 II
1494 2448 1571 2489 202,
1602 2447 1654 2483 19.
1684 2445 1899 2482 christianae

1189 2506 1276 2542 fidei
1297 2506 1313 2542 Ι
1331 2507 1410 2550 352,
1431 2508 1484 2542 11.
1506 2507 1559 2543 22.
1580 2505 1642 2542 ubi
1660 2516 1782 2542 omnes
1799 2516 1899 2551 prae-

1189 2565 1316 2602 teritae
1340 2565 1499 2602 maculae
1522 2575 1700 2612 rugaeque
1723 2564 1900 2601 tolluntur

1191 2624 1229 2661 11
1262 2625 1318 2668 81,
1355 2626 1408 2662 23.
1445 2625 1516 2661 lau.
1551 2624 1744 2660 sanctitate
1778 2623 1899 2660 omnia

1183 2694 1332 2730 =prorsus
1369 2683 1553 2720 hominum
1590 2683 1686 2719 mala
1723 2682 1900 2719 tolluntur

1191 2742 1228 2779 II
1251 2743 1329 2786 250,
1353 2744 1408 2780 21.
1431 2742 1573 2780 lauaem
1594 2741 1762 2790 adoptari
1780 2741 1821 2778 in
1841 2741 1898 2778 dei

1188 2801 1284 2839 filios
1308 2801 1326 2838 1
1349 2803 1428 2846 471,
1452 2803 1486 2839 9.

1144 2866 1318 2903 Lazarum
1332 2866 1498 2904 dominus
1511 2865 1702 2904 suseitauit
1715 2865 1734 2903 1
1748 2866 1826 2908 837.
1842 2866 1896 2903 13.
