<?xml version="1.0" encoding="UTF-8"?>
<!DOCTYPE html PUBLIC "-//W3C//DTD XHTML 1.0 Transitional//EN"
    "http://www.w3.org/TR/xhtml1/DTD/xhtml1-transitional.dtd">
<html xmlns="http://www.w3.org/1999/xhtml" xml:lang="en" lang="en">
 <head>
  <title>
</title>
<meta http-equiv="Content-Type" content="text/html;charset=utf-8" />
  <meta name='ocr-system' content='tesseract 3.04.00' />
  <meta name='ocr-capabilities' content='ocr_page ocr_carea ocr_par ocr_line ocrx_word'/>
</head>
<body>
  <div class='ocr_page' id='page_1' title='image "./corpusscriptorum60auguuoft_0636.png"; bbox 0 0 2028 3204; ppageno 0'>
   <div class='ocr_carea' id='block_1_1' title="bbox 266 273 348 314">
    <p class='ocr_par' dir='ltr' id='par_1_1' title="bbox 266 273 348 314">
     <span class='ocr_line' id='line_1_1' title="bbox 266 273 348 314; baseline 0 0"><span class='ocrx_word' id='word_1_1' title='bbox 266 273 348 314; x_wconf 88' lang='lat'><strong>606</strong></span> 
     </span>
    </p>
   </div>
   <div class='ocr_carea' id='block_1_2' title="bbox 261 393 1026 2103">
    <p class='ocr_par' dir='ltr' id='par_1_2' title="bbox 270 393 1026 674">
     <span class='ocr_line' id='line_1_2' title="bbox 270 393 1025 439; baseline -0.003 -9"><span class='ocrx_word' id='word_1_2' title='bbox 270 396 507 430; x_wconf 82' lang='lat' dir='ltr'>hebdomades</span> <span class='ocrx_word' id='word_1_3' title='bbox 534 394 661 439; x_wconf 89' lang='lat' dir='ltr'>(ebd.):</span> <span class='ocrx_word' id='word_1_4' title='bbox 689 395 726 429; x_wconf 91' lang='lat' dir='ltr'><strong>in</strong></span> <span class='ocrx_word' id='word_1_5' title='bbox 753 393 878 428; x_wconf 87' lang='lat' dir='ltr'><strong>diebus</strong></span> <span class='ocrx_word' id='word_1_6' title='bbox 905 397 1025 428; x_wconf 85' lang='lat' dir='ltr'><strong>tamen</strong></span> 
     </span>
     <span class='ocr_line' id='line_1_3' title="bbox 313 452 1026 489; baseline -0.003 0"><span class='ocrx_word' id='word_1_7' title='bbox 313 455 548 489; x_wconf 84' lang='lat' dir='ltr'><strong>ebdomadum</strong></span> <span class='ocrx_word' id='word_1_8' title='bbox 567 458 695 489; x_wconf 82' lang='lat' dir='ltr'><strong>octauo</strong></span> <span class='ocrx_word' id='word_1_9' title='bbox 711 465 732 488; x_wconf 93' lang='lat' dir='ltr'><strong>a</strong></span> <span class='ocrx_word' id='word_1_10' title='bbox 747 452 899 488; x_wconf 87' lang='lat' dir='ltr'><strong>mortuis</strong></span> <span class='ocrx_word' id='word_1_11' title='bbox 914 463 1026 488; x_wconf 87' lang='lat' dir='ltr'><strong>resur-</strong></span> 
     </span>
     <span class='ocr_line' id='line_1_4' title="bbox 314 512 1025 555; baseline -0.001 -7"><span class='ocrx_word' id='word_1_12' title='bbox 314 514 405 549; x_wconf 80' lang='lat' dir='ltr'><strong>rexit</strong></span> <span class='ocrx_word' id='word_1_13' title='bbox 421 514 437 548; x_wconf 91' lang='grc'>1</span> <span class='ocrx_word' id='word_1_14' title='bbox 454 514 530 555; x_wconf 87' lang='lat'>138,</span> <span class='ocrx_word' id='word_1_15' title='bbox 546 514 578 548; x_wconf 89' lang='lat'><strong>5.</strong></span> <span class='ocrx_word' id='word_1_16' title='bbox 608 513 682 548; x_wconf 86' lang='lat' dir='ltr'><strong>dies</strong></span> <span class='ocrx_word' id='word_1_17' title='bbox 697 512 790 548; x_wconf 91' lang='lat' dir='ltr'><strong>enim</strong></span> <span class='ocrx_word' id='word_1_18' title='bbox 807 516 956 547; x_wconf 88' lang='lat' dir='ltr'><strong>octauus</strong></span> <span class='ocrx_word' id='word_1_19' title='bbox 971 515 1025 547; x_wconf 87' lang='lat' dir='ltr'><strong>est</strong></span> 
     </span>
     <span class='ocr_line' id='line_1_5' title="bbox 311 571 1024 607; baseline -0.001 0"><span class='ocrx_word' id='word_1_20' title='bbox 311 574 346 607; x_wconf 91' lang='lat' dir='ltr'><strong>in</strong></span> <span class='ocrx_word' id='word_1_21' title='bbox 393 573 656 607; x_wconf 88' lang='lat' dir='ltr'><strong>hebdomadum</strong></span> <span class='ocrx_word' id='word_1_22' title='bbox 704 572 903 607; x_wconf 85' lang='lat' dir='ltr'><strong>recursibus</strong></span> <span class='ocrx_word' id='word_1_23' title='bbox 949 571 1024 607; x_wconf 87' lang='lat' dir='ltr'><strong>dies</strong></span> 
     </span>
     <span class='ocr_line' id='line_1_6' title="bbox 311 631 951 674; baseline -0.002 -7"><span class='ocrx_word' id='word_1_24' title='bbox 311 632 510 667; x_wconf 84' lang='lat' dir='ltr'><strong>dominicus</strong></span> <span class='ocrx_word' id='word_1_25' title='bbox 540 632 575 667; x_wconf 90' lang='lat' dir='ltr'><strong>II</strong></span> <span class='ocrx_word' id='word_1_26' title='bbox 604 633 680 674; x_wconf 94' lang='lat'>195,</span> <span class='ocrx_word' id='word_1_27' title='bbox 710 634 762 667; x_wconf 94' lang='lat'><strong>14.</strong></span> <span class='ocrx_word' id='word_1_28' title='bbox 793 632 869 674; x_wconf 92' lang='lat'>196,</span> <span class='ocrx_word' id='word_1_29' title='bbox 898 631 951 666; x_wconf 91' lang='lat'><strong>15.</strong></span> 
     </span>
    </p>

    <p class='ocr_par' dir='ltr' id='par_1_3' title="bbox 268 692 848 738">
     <span class='ocr_line' id='line_1_7' title="bbox 268 692 848 738; baseline -0.002 -11"><span class='ocrx_word' id='word_1_30' title='bbox 268 692 428 727; x_wconf 85' lang='lat' dir='ltr'><strong>Hehreus</strong></span> <span class='ocrx_word' id='word_1_31' title='bbox 456 692 608 738; x_wconf 91' lang='lat' dir='ltr'><strong>populus</strong></span> <span class='ocrx_word' id='word_1_32' title='bbox 641 692 656 726; x_wconf 91' lang='lat'>1</span> <span class='ocrx_word' id='word_1_33' title='bbox 685 692 764 734; x_wconf 90' lang='lat'>458,</span> <span class='ocrx_word' id='word_1_34' title='bbox 795 692 848 726; x_wconf 93' lang='lat'><strong>25.</strong></span> 
     </span>
    </p>

    <p class='ocr_par' dir='ltr' id='par_1_4' title="bbox 268 750 1021 797">
     <span class='ocr_line' id='line_1_8' title="bbox 268 750 1021 797; baseline -0.003 -10"><span class='ocrx_word' id='word_1_35' title='bbox 268 753 494 796; x_wconf 76' lang='grc' dir='ltr'>ἡγεμονικόν</span> <span class='ocrx_word' id='word_1_36' title='bbox 511 751 597 797; x_wconf 89' lang='lat' dir='ltr'><strong>quid</strong></span> <span class='ocrx_word' id='word_1_37' title='bbox 615 751 662 786; x_wconf 89' lang='lat' dir='ltr'><strong>sit</strong></span> <span class='ocrx_word' id='word_1_38' title='bbox 683 750 856 786; x_wconf 81' lang='lat' dir='ltr'><strong>definitur</strong></span> <span class='ocrx_word' id='word_1_39' title='bbox 868 750 882 785; x_wconf 93' lang='lat'>1</span> <span class='ocrx_word' id='word_1_40' title='bbox 894 751 971 792; x_wconf 92' lang='lat'>387,</span> <span class='ocrx_word' id='word_1_41' title='bbox 989 751 1021 785; x_wconf 89' lang='lat'><strong>3.</strong></span> 
     </span>
    </p>

    <p class='ocr_par' dir='ltr' id='par_1_5' title="bbox 267 809 1023 1091">
     <span class='ocr_line' id='line_1_9' title="bbox 267 809 1022 852; baseline -0.003 -6"><span class='ocrx_word' id='word_1_42' title='bbox 267 811 387 846; x_wconf 86' lang='lat' dir='ltr'><strong>Helias</strong></span> <span class='ocrx_word' id='word_1_43' title='bbox 406 822 478 846; x_wconf 92' lang='lat' dir='ltr'><strong>non</strong></span> <span class='ocrx_word' id='word_1_44' title='bbox 497 811 652 846; x_wconf 86' lang='lat' dir='ltr'><strong>marcuit</strong></span> <span class='ocrx_word' id='word_1_45' title='bbox 672 811 688 846; x_wconf 97' lang='grc' dir='ltr'>Ι</span> <span class='ocrx_word' id='word_1_46' title='bbox 707 811 740 852; x_wconf 85' lang='grc'><strong>5,</strong></span> <span class='ocrx_word' id='word_1_47' title='bbox 763 811 815 846; x_wconf 94' lang='grc'><strong>10.</strong></span> <span class='ocrx_word' id='word_1_48' title='bbox 849 810 924 845; x_wconf 87' lang='lat' dir='ltr'><strong>sine</strong></span> <span class='ocrx_word' id='word_1_49' title='bbox 944 809 1022 844; x_wconf 88' lang='lat' dir='ltr'><strong>cibo</strong></span> 
     </span>
     <span class='ocr_line' id='line_1_10' title="bbox 310 869 1023 912; baseline 0 -8"><span class='ocrx_word' id='word_1_50' title='bbox 310 871 403 906; x_wconf 88' lang='lat' dir='ltr'><strong>uixit</strong></span> <span class='ocrx_word' id='word_1_51' title='bbox 426 871 441 905; x_wconf 95' lang='lat' dir='ltr'><strong>I</strong></span> <span class='ocrx_word' id='word_1_52' title='bbox 462 871 496 912; x_wconf 90' lang='lat'><strong>5,</strong></span> <span class='ocrx_word' id='word_1_53' title='bbox 520 871 571 906; x_wconf 90' lang='lat'><strong>15.</strong></span> <span class='ocrx_word' id='word_1_54' title='bbox 607 870 700 905; x_wconf 90' lang='lat' dir='ltr'><strong>iuste</strong></span> <span class='ocrx_word' id='word_1_55' title='bbox 720 870 851 905; x_wconf 83' lang='lat' dir='ltr'><strong>uixisse</strong></span> <span class='ocrx_word' id='word_1_56' title='bbox 874 869 1023 904; x_wconf 84' lang='lat' dir='ltr'><strong>refertur</strong></span> 
     </span>
     <span class='ocr_line' id='line_1_11' title="bbox 314 930 1020 973; baseline -0.001 -9"><span class='ocrx_word' id='word_1_57' title='bbox 314 930 327 964; x_wconf 90' lang='lat' dir='ltr'><strong>I</strong></span> <span class='ocrx_word' id='word_1_58' title='bbox 353 931 430 973; x_wconf 90' lang='lat'>263,</span> <span class='ocrx_word' id='word_1_59' title='bbox 456 931 508 965; x_wconf 91' lang='lat'><strong>18.</strong></span> <span class='ocrx_word' id='word_1_60' title='bbox 549 930 669 965; x_wconf 88' lang='lat' dir='ltr'><strong>Helias</strong></span> <span class='ocrx_word' id='word_1_61' title='bbox 692 934 729 965; x_wconf 88' lang='lat' dir='ltr'><strong>et</strong></span> <span class='ocrx_word' id='word_1_62' title='bbox 754 930 874 964; x_wconf 87' lang='lat' dir='ltr'>Enoch</span> <span class='ocrx_word' id='word_1_63' title='bbox 900 933 1020 964; x_wconf 86' lang='lat' dir='ltr'><strong>utrum</strong></span> 
     </span>
     <span class='ocr_line' id='line_1_12' title="bbox 309 987 1021 1035; baseline -0.001 -11"><span class='ocrx_word' id='word_1_64' title='bbox 309 1001 403 1025; x_wconf 84' lang='lat' dir='ltr'><strong>nunc</strong></span> <span class='ocrx_word' id='word_1_65' title='bbox 435 990 473 1024; x_wconf 93' lang='lat' dir='ltr'><strong>in</strong></span> <span class='ocrx_word' id='word_1_66' title='bbox 508 990 672 1035; x_wconf 83' lang='lat' dir='ltr'><strong>paradiso</strong></span> <span class='ocrx_word' id='word_1_67' title='bbox 706 990 779 1024; x_wconf 84' lang='lat' dir='ltr'><strong>sint</strong></span> <span class='ocrx_word' id='word_1_68' title='bbox 813 1000 858 1023; x_wconf 90' lang='lat' dir='ltr'><strong>an</strong></span> <span class='ocrx_word' id='word_1_69' title='bbox 892 987 1021 1023; x_wconf 89' lang='lat' dir='ltr'><strong>alicubi</strong></span> 
     </span>
     <span class='ocr_line' id='line_1_13' title="bbox 310 1049 616 1091; baseline 0.003 -8"><span class='ocrx_word' id='word_1_70' title='bbox 310 1049 394 1084; x_wconf 90' lang='lat' dir='ltr'><strong>alibi</strong></span> <span class='ocrx_word' id='word_1_71' title='bbox 422 1049 455 1084; x_wconf 88' lang='lat'><strong>11</strong></span> <span class='ocrx_word' id='word_1_72' title='bbox 484 1050 559 1091; x_wconf 89' lang='grc'>186,</span> <span class='ocrx_word' id='word_1_73' title='bbox 585 1051 616 1084; x_wconf 89' lang='grc'><strong>3.</strong></span> 
     </span>
    </p>

    <p class='ocr_par' dir='ltr' id='par_1_6' title="bbox 266 1108 1023 1448">
     <span class='ocr_line' id='line_1_14' title="bbox 266 1108 1022 1154; baseline -0.001 -11"><span class='ocrx_word' id='word_1_74' title='bbox 266 1109 425 1144; x_wconf 82' lang='lat' dir='ltr'><strong>Heliseus</strong></span> <span class='ocrx_word' id='word_1_75' title='bbox 448 1108 523 1143; x_wconf 88' lang='lat' dir='ltr'><strong>sine</strong></span> <span class='ocrx_word' id='word_1_76' title='bbox 547 1113 693 1154; x_wconf 88' lang='lat' dir='ltr'><strong>peccato</strong></span> <span class='ocrx_word' id='word_1_77' title='bbox 716 1108 848 1143; x_wconf 87' lang='lat' dir='ltr'><strong>uixisse</strong></span> <span class='ocrx_word' id='word_1_78' title='bbox 871 1118 1022 1142; x_wconf 88' lang='lat' dir='ltr'><strong>comme-</strong></span> 
     </span>
     <span class='ocr_line' id='line_1_15' title="bbox 309 1167 1022 1210; baseline -0.001 -8"><span class='ocrx_word' id='word_1_79' title='bbox 309 1173 469 1202; x_wconf 84' lang='lat' dir='ltr'><strong>moratur</strong></span> <span class='ocrx_word' id='word_1_80' title='bbox 495 1168 510 1202; x_wconf 93' lang='grc' dir='ltr'>Ι</span> <span class='ocrx_word' id='word_1_81' title='bbox 535 1169 612 1210; x_wconf 90' lang='grc'>263,</span> <span class='ocrx_word' id='word_1_82' title='bbox 638 1169 691 1203; x_wconf 93' lang='lat'><strong>18.</strong></span> <span class='ocrx_word' id='word_1_83' title='bbox 729 1179 814 1202; x_wconf 90' lang='lat' dir='ltr'><strong>num</strong></span> <span class='ocrx_word' id='word_1_84' title='bbox 840 1167 961 1202; x_wconf 86' lang='lat' dir='ltr'><strong>flando</strong></span> <span class='ocrx_word' id='word_1_85' title='bbox 984 1167 1022 1201; x_wconf 90' lang='lat' dir='ltr'><strong>in</strong></span> 
     </span>
     <span class='ocr_line' id='line_1_16' title="bbox 309 1226 1023 1262; baseline -0.001 0"><span class='ocrx_word' id='word_1_86' title='bbox 309 1228 383 1262; x_wconf 79' lang='lat' dir='ltr'><strong>eius</strong></span> <span class='ocrx_word' id='word_1_87' title='bbox 418 1227 542 1262; x_wconf 81' lang='lat' dir='ltr'><strong>faciem</strong></span> <span class='ocrx_word' id='word_1_88' title='bbox 578 1231 758 1262; x_wconf 91' lang='lat' dir='ltr'><strong>mortuum</strong></span> <span class='ocrx_word' id='word_1_89' title='bbox 795 1226 1023 1262; x_wconf 88' lang='lat' dir='ltr'><strong>suscitauerit</strong></span> 
     </span>
     <span class='ocr_line' id='line_1_17' title="bbox 313 1286 1020 1330; baseline 0 -8"><span class='ocrx_word' id='word_1_90' title='bbox 313 1287 326 1321; x_wconf 94' lang='lat' dir='ltr'><strong>l</strong></span> <span class='ocrx_word' id='word_1_91' title='bbox 355 1288 433 1330; x_wconf 90' lang='lat'>365,</span> <span class='ocrx_word' id='word_1_92' title='bbox 464 1289 515 1322; x_wconf 91' lang='lat'><strong>13.</strong></span> <span class='ocrx_word' id='word_1_93' title='bbox 547 1289 599 1322; x_wconf 88' lang='grc'><strong>14.</strong></span> <span class='ocrx_word' id='word_1_94' title='bbox 631 1288 684 1322; x_wconf 93' lang='grc'><strong>20.</strong></span> <span class='ocrx_word' id='word_1_95' title='bbox 714 1288 768 1322; x_wconf 91' lang='grc'><strong>23.</strong></span> <span class='ocrx_word' id='word_1_96' title='bbox 798 1288 851 1322; x_wconf 88' lang='lat'><strong>24.</strong></span> <span class='ocrx_word' id='word_1_97' title='bbox 881 1287 959 1328; x_wconf 88' lang='lat'>366,</span> <span class='ocrx_word' id='word_1_98' title='bbox 988 1286 1020 1321; x_wconf 87' lang='lat'><strong>5.</strong></span> 
     </span>
     <span class='ocr_line' id='line_1_18' title="bbox 309 1346 1022 1381; baseline -0.001 0"><span class='ocrx_word' id='word_1_99' title='bbox 309 1347 473 1381; x_wconf 81' lang='lat' dir='ltr'><strong>baculum</strong></span> <span class='ocrx_word' id='word_1_100' title='bbox 504 1347 640 1381; x_wconf 86' lang='lat' dir='ltr'><strong>misisse</strong></span> <span class='ocrx_word' id='word_1_101' title='bbox 670 1347 715 1381; x_wconf 92' lang='lat' dir='ltr'><strong>ad</strong></span> <span class='ocrx_word' id='word_1_102' title='bbox 746 1346 860 1381; x_wconf 82' lang='lat' dir='ltr'><strong>filium</strong></span> <span class='ocrx_word' id='word_1_103' title='bbox 892 1346 1022 1381; x_wconf 88' lang='lat' dir='ltr'><strong>uiduae</strong></span> 
     </span>
     <span class='ocr_line' id='line_1_19' title="bbox 308 1406 819 1448; baseline 0 -8"><span class='ocrx_word' id='word_1_104' title='bbox 308 1406 551 1441; x_wconf 77' lang='lat' dir='ltr'><strong>suscitandum</strong></span> <span class='ocrx_word' id='word_1_105' title='bbox 582 1406 597 1442; x_wconf 92' lang='grc' dir='ltr'>Ι</span> <span class='ocrx_word' id='word_1_106' title='bbox 624 1407 702 1448; x_wconf 94' lang='grc'>533,</span> <span class='ocrx_word' id='word_1_107' title='bbox 729 1407 761 1441; x_wconf 88' lang='lat'><strong>3.</strong></span> <span class='ocrx_word' id='word_1_108' title='bbox 789 1407 819 1441; x_wconf 89' lang='lat'><strong>6.</strong></span> 
     </span>
    </p>

    <p class='ocr_par' dir='ltr' id='par_1_7' title="bbox 263 1465 1018 1511">
     <span class='ocr_line' id='line_1_20' title="bbox 263 1465 1018 1511; baseline 0.001 -12"><span class='ocrx_word' id='word_1_109' title='bbox 263 1466 482 1501; x_wconf 74' lang='lat' dir='ltr'><strong>heresiarcha</strong></span> <span class='ocrx_word' id='word_1_110' title='bbox 491 1466 653 1511; x_wconf 81' lang='lat' dir='ltr'><strong>Pelagius</strong></span> <span class='ocrx_word' id='word_1_111' title='bbox 663 1465 870 1501; x_wconf 88' lang='lat' dir='ltr'><strong>nominatur</strong></span> <span class='ocrx_word' id='word_1_112' title='bbox 881 1465 895 1500; x_wconf 96' lang='lat' dir='ltr'><strong>I</strong></span> <span class='ocrx_word' id='word_1_113' title='bbox 906 1465 1018 1507; x_wconf 89' lang='grc'>543,8.</span> 
     </span>
    </p>

    <p class='ocr_par' dir='ltr' id='par_1_8' title="bbox 263 1526 1022 1984">
     <span class='ocr_line' id='line_1_21' title="bbox 263 1526 1022 1571; baseline 0 -12"><span class='ocrx_word' id='word_1_114' title='bbox 263 1526 406 1560; x_wconf 80' lang='lat' dir='ltr'><strong>heresis:</strong></span> <span class='ocrx_word' id='word_1_115' title='bbox 455 1526 679 1571; x_wconf 89' lang='lat' dir='ltr'><strong>Pelagianam</strong></span> <span class='ocrx_word' id='word_1_116' title='bbox 711 1529 896 1570; x_wconf 85' lang='lat' dir='ltr'><strong>tamquam</strong></span> <span class='ocrx_word' id='word_1_117' title='bbox 919 1535 1022 1559; x_wconf 87' lang='lat' dir='ltr'><strong>uene-</strong></span> 
     </span>
     <span class='ocr_line' id='line_1_22' title="bbox 308 1584 1022 1630; baseline 0 -12"><span class='ocrx_word' id='word_1_118' title='bbox 308 1596 393 1619; x_wconf 82' lang='lat' dir='ltr'><strong>nosa</strong></span> <span class='ocrx_word' id='word_1_119' title='bbox 434 1585 590 1630; x_wconf 88' lang='lat' dir='ltr'><strong>uirgulta</strong></span> <span class='ocrx_word' id='word_1_120' title='bbox 617 1585 807 1620; x_wconf 82' lang='lat' dir='ltr'><strong>fruticibus</strong></span> <span class='ocrx_word' id='word_1_121' title='bbox 839 1584 1022 1619; x_wconf 83' lang='lat' dir='ltr'><strong>catholicis</strong></span> 
     </span>
     <span class='ocr_line' id='line_1_23' title="bbox 308 1643 1021 1686; baseline 0 -7"><span class='ocrx_word' id='word_1_122' title='bbox 308 1644 458 1679; x_wconf 79' lang='lat' dir='ltr'><strong>inserere</strong></span> <span class='ocrx_word' id='word_1_123' title='bbox 485 1648 635 1679; x_wconf 87' lang='lat' dir='ltr'><strong>conatur</strong></span> <span class='ocrx_word' id='word_1_124' title='bbox 662 1644 697 1679; x_wconf 90' lang='grc' dir='ltr'><strong>ΙΙ</strong></span> <span class='ocrx_word' id='word_1_125' title='bbox 724 1645 801 1686; x_wconf 92' lang='lat'>262,</span> <span class='ocrx_word' id='word_1_126' title='bbox 830 1646 882 1679; x_wconf 90' lang='lat'><strong>19.</strong></span> <span class='ocrx_word' id='word_1_127' title='bbox 924 1643 1021 1678; x_wconf 80' lang='lat' dir='ltr'><strong>Pela-</strong></span> 
     </span>
     <span class='ocr_line' id='line_1_24' title="bbox 306 1703 1020 1749; baseline -0.001 -11"><span class='ocrx_word' id='word_1_128' title='bbox 306 1704 410 1749; x_wconf 87' lang='lat' dir='ltr'><strong>giana</strong></span> <span class='ocrx_word' id='word_1_129' title='bbox 434 1704 592 1749; x_wconf 87' lang='lat' dir='ltr'><strong>paruulis</strong></span> <span class='ocrx_word' id='word_1_130' title='bbox 615 1715 686 1738; x_wconf 91' lang='lat' dir='ltr'><strong>non</strong></span> <span class='ocrx_word' id='word_1_131' title='bbox 711 1703 905 1749; x_wconf 87' lang='lat' dir='ltr'><strong>baptizatis</strong></span> <span class='ocrx_word' id='word_1_132' title='bbox 926 1703 1020 1738; x_wconf 89' lang='lat' dir='ltr'><strong>inter</strong></span> 
     </span>
     <span class='ocr_line' id='line_1_25' title="bbox 306 1763 1020 1809; baseline -0.001 -12"><span class='ocrx_word' id='word_1_133' title='bbox 306 1763 573 1798; x_wconf 87' lang='lat' dir='ltr'><strong>damnationem</strong></span> <span class='ocrx_word' id='word_1_134' title='bbox 601 1774 818 1809; x_wconf 84' lang='lat' dir='ltr'><strong>regnumque</strong></span> <span class='ocrx_word' id='word_1_135' title='bbox 845 1763 1020 1797; x_wconf 84' lang='lat' dir='ltr'><strong>caelorum</strong></span> 
     </span>
     <span class='ocr_line' id='line_1_26' title="bbox 307 1822 1022 1868; baseline -0.001 -11"><span class='ocrx_word' id='word_1_136' title='bbox 307 1823 407 1868; x_wconf 88' lang='lat' dir='ltr'><strong>quasi</strong></span> <span class='ocrx_word' id='word_1_137' title='bbox 459 1823 615 1858; x_wconf 88' lang='lat' dir='ltr'><strong>medium</strong></span> <span class='ocrx_word' id='word_1_138' title='bbox 669 1823 785 1858; x_wconf 91' lang='lat' dir='ltr'><strong>locum</strong></span> <span class='ocrx_word' id='word_1_139' title='bbox 838 1822 1022 1867; x_wconf 90' lang='lat' dir='ltr'><strong>promittit</strong></span> 
     </span>
     <span class='ocr_line' id='line_1_27' title="bbox 310 1882 1018 1926; baseline 0 -9"><span class='ocrx_word' id='word_1_140' title='bbox 310 1882 416 1924; x_wconf 88' lang='grc'>1312,</span> <span class='ocrx_word' id='word_1_141' title='bbox 433 1884 491 1924; x_wconf 86' lang='grc'><strong>12;</strong></span> <span class='ocrx_word' id='word_1_142' title='bbox 506 1884 550 1926; x_wconf 79' lang='lat' dir='ltr'><strong>cl.</strong></span> <span class='ocrx_word' id='word_1_143' title='bbox 565 1883 643 1924; x_wconf 92' lang='lat'>317,</span> <span class='ocrx_word' id='word_1_144' title='bbox 658 1882 690 1917; x_wconf 89' lang='lat'><strong>5.</strong></span> <span class='ocrx_word' id='word_1_145' title='bbox 706 1883 784 1924; x_wconf 87' lang='grc'>334,</span> <span class='ocrx_word' id='word_1_146' title='bbox 802 1883 854 1917; x_wconf 93' lang='grc'><strong>17.</strong></span> <span class='ocrx_word' id='word_1_147' title='bbox 871 1882 948 1924; x_wconf 87' lang='lat'>523,</span> <span class='ocrx_word' id='word_1_148' title='bbox 965 1882 1018 1917; x_wconf 89' lang='lat'><strong>23.</strong></span> 
     </span>
     <span class='ocr_line' id='line_1_28' title="bbox 305 1941 1017 1984; baseline 0 -8"><span class='ocrx_word' id='word_1_149' title='bbox 305 1943 383 1984; x_wconf 82' lang='lat'>533,</span> <span class='ocrx_word' id='word_1_150' title='bbox 399 1943 451 1977; x_wconf 88' lang='lat'><strong>23.</strong></span> <span class='ocrx_word' id='word_1_151' title='bbox 479 1941 666 1977; x_wconf 85' lang='lat' dir='ltr'><strong>Manichea</strong></span> <span class='ocrx_word' id='word_1_152' title='bbox 682 1941 788 1983; x_wconf 84' lang='lat'>1523,</span> <span class='ocrx_word' id='word_1_153' title='bbox 804 1943 856 1976; x_wconf 89' lang='lat'><strong>21.</strong></span> <span class='ocrx_word' id='word_1_154' title='bbox 871 1942 949 1983; x_wconf 89' lang='lat'>559,</span> <span class='ocrx_word' id='word_1_155' title='bbox 964 1941 1017 1976; x_wconf 89' lang='lat'><strong>19.</strong></span> 
     </span>
    </p>

    <p class='ocr_par' dir='ltr' id='par_1_9' title="bbox 261 2000 1021 2103">
     <span class='ocr_line' id='line_1_29' title="bbox 261 2000 1015 2047; baseline 0.001 -12"><span class='ocrx_word' id='word_1_156' title='bbox 261 2001 450 2036; x_wconf 81' lang='lat' dir='ltr'><strong>hereticus:</strong></span> <span class='ocrx_word' id='word_1_157' title='bbox 486 2002 558 2037; x_wconf 89' lang='lat' dir='ltr'><strong>her.</strong></span> <span class='ocrx_word' id='word_1_158' title='bbox 593 2002 763 2047; x_wconf 83' lang='lat' dir='ltr'><strong>dogmata</strong></span> <span class='ocrx_word' id='word_1_159' title='bbox 798 2000 814 2036; x_wconf 93' lang='lat' dir='ltr'><strong>I</strong></span> <span class='ocrx_word' id='word_1_160' title='bbox 847 2002 926 2042; x_wconf 89' lang='lat'>361,</span> <span class='ocrx_word' id='word_1_161' title='bbox 962 2001 1015 2036; x_wconf 88' lang='lat'><strong>24.</strong></span> 
     </span>
     <span class='ocr_line' id='line_1_30' title="bbox 306 2059 1021 2103; baseline -0.001 -8"><span class='ocrx_word' id='word_1_162' title='bbox 306 2061 448 2095; x_wconf 88' lang='lat' dir='ltr'><strong>nouitas</strong></span> <span class='ocrx_word' id='word_1_163' title='bbox 479 2061 514 2096; x_wconf 94' lang='lat' dir='ltr'><strong>II</strong></span> <span class='ocrx_word' id='word_1_164' title='bbox 544 2061 621 2103; x_wconf 84' lang='lat'>235,</span> <span class='ocrx_word' id='word_1_165' title='bbox 651 2062 704 2096; x_wconf 91' lang='lat'><strong>16.</strong></span> <span class='ocrx_word' id='word_1_166' title='bbox 747 2060 924 2095; x_wconf 84' lang='lat' dir='ltr'><strong>hereticae</strong></span> <span class='ocrx_word' id='word_1_167' title='bbox 951 2059 1021 2094; x_wconf 91' lang='lat' dir='ltr'><strong>uir—</strong></span> 
     </span>
    </p>
   </div>
   <div class='ocr_carea' id='block_1_3' title="bbox 1055 1938 1059 2080">
    <p class='ocr_par' dir='ltr' id='par_1_10' title="bbox 1055 1938 1059 2080">
     <span class='ocr_line' id='line_1_31' title="bbox 1055 1938 1059 2080; baseline 0 1124"><span class='ocrx_word' id='word_1_168' title='bbox 1055 1938 1059 2080; x_wconf 95' lang='lat' dir='ltr'><strong> </strong></span> 
     </span>
    </p>
   </div>
   <div class='ocr_carea' id='block_1_4' title="bbox 761 274 1368 311">
    <p class='ocr_par' dir='ltr' id='par_1_11' title="bbox 761 274 1368 311">
     <span class='ocr_line' id='line_1_32' title="bbox 761 274 1368 311; baseline 0.002 -2"><span class='ocrx_word' id='word_1_169' title='bbox 761 275 806 311; x_wconf 93' lang='grc'><strong>11.</strong></span> <span class='ocrx_word' id='word_1_170' title='bbox 835 274 947 311; x_wconf 85' lang='lat' dir='ltr'><strong>Index</strong></span> <span class='ocrx_word' id='word_1_171' title='bbox 971 274 1155 310; x_wconf 89' lang='lat' dir='ltr'><strong>nominum</strong></span> <span class='ocrx_word' id='word_1_172' title='bbox 1180 277 1217 309; x_wconf 87' lang='lat' dir='ltr'><strong>et</strong></span> <span class='ocrx_word' id='word_1_173' title='bbox 1241 284 1368 310; x_wconf 88' lang='lat' dir='ltr'><strong>rerum.</strong></span> 
     </span>
    </p>
   </div>
   <div class='ocr_carea' id='block_1_5' title="bbox 1095 392 1855 2102">
    <p class='ocr_par' dir='ltr' id='par_1_12' title="bbox 1098 392 1853 619">
     <span class='ocr_line' id='line_1_33' title="bbox 1147 392 1808 437; baseline 0.002 -9"><span class='ocrx_word' id='word_1_174' title='bbox 1147 392 1182 428; x_wconf 93' lang='grc' dir='ltr'><strong>ΙΙ</strong></span> <span class='ocrx_word' id='word_1_175' title='bbox 1210 393 1286 435; x_wconf 88' lang='lat'>121,</span> <span class='ocrx_word' id='word_1_176' title='bbox 1313 394 1372 434; x_wconf 84' lang='lat'>24;</span> <span class='ocrx_word' id='word_1_177' title='bbox 1399 394 1443 437; x_wconf 76' lang='lat' dir='ltr'><strong>cl.</strong></span> <span class='ocrx_word' id='word_1_178' title='bbox 1469 393 1571 429; x_wconf 73' lang='lat' dir='ltr'><strong>etiam</strong></span> <span class='ocrx_word' id='word_1_179' title='bbox 1597 393 1750 429; x_wconf 70' lang='lat' dir='ltr'><strong>Iudicem</strong></span> <span class='ocrx_word' id='word_1_180' title='bbox 1777 393 1808 429; x_wconf 90' lang='lat'><strong>1.</strong></span> 
     </span>
     <span class='ocr_line' id='line_1_34' title="bbox 1099 451 1853 496; baseline 0.003 -9"><span class='ocrx_word' id='word_1_181' title='bbox 1099 451 1336 488; x_wconf 84' lang='lat' dir='ltr'><strong>Hierusalem:</strong></span> <span class='ocrx_word' id='word_1_182' title='bbox 1357 452 1374 488; x_wconf 93' lang='lat'>1</span> <span class='ocrx_word' id='word_1_183' title='bbox 1389 453 1468 495; x_wconf 88' lang='lat'>494,</span> <span class='ocrx_word' id='word_1_184' title='bbox 1486 453 1540 488; x_wconf 92' lang='lat'><strong>20.</strong></span> <span class='ocrx_word' id='word_1_185' title='bbox 1557 453 1637 495; x_wconf 90' lang='lat'>501,</span> <span class='ocrx_word' id='word_1_186' title='bbox 1654 454 1708 489; x_wconf 87' lang='lat'><strong>15.</strong></span> <span class='ocrx_word' id='word_1_187' title='bbox 1725 453 1803 496; x_wconf 88' lang='lat'>538,</span> <span class='ocrx_word' id='word_1_188' title='bbox 1820 453 1853 489; x_wconf 89' lang='lat'><strong>8.</strong></span> 
     </span>
     <span class='ocr_line' id='line_1_35' title="bbox 1099 510 1763 555; baseline 0.003 -9"><span class='ocrx_word' id='word_1_189' title='bbox 1099 511 1314 547; x_wconf 85' lang='lat' dir='ltr'><strong>Hiezechiel:</strong></span> <span class='ocrx_word' id='word_1_190' title='bbox 1342 510 1358 546; x_wconf 93' lang='grc' dir='ltr'><strong>Ι</strong></span> <span class='ocrx_word' id='word_1_191' title='bbox 1383 512 1461 554; x_wconf 88' lang='lat'>263,</span> <span class='ocrx_word' id='word_1_192' title='bbox 1487 513 1541 548; x_wconf 87' lang='lat'><strong>19.</strong></span> <span class='ocrx_word' id='word_1_193' title='bbox 1569 512 1604 547; x_wconf 93' lang='grc' dir='ltr'><strong>ΙΙ</strong></span> <span class='ocrx_word' id='word_1_194' title='bbox 1629 513 1706 555; x_wconf 88' lang='lat'>288,</span> <span class='ocrx_word' id='word_1_195' title='bbox 1730 513 1763 548; x_wconf 89' lang='lat'><strong>5.</strong></span> 
     </span>
     <span class='ocr_line' id='line_1_36' title="bbox 1098 571 1853 619; baseline 0.001 -13"><span class='ocrx_word' id='word_1_196' title='bbox 1098 571 1266 614; x_wconf 86' lang='lat' dir='ltr'><strong>Hilarius,</strong></span> <span class='ocrx_word' id='word_1_197' title='bbox 1294 571 1339 606; x_wconf 90' lang='lat' dir='ltr'><strong>ad</strong></span> <span class='ocrx_word' id='word_1_198' title='bbox 1368 582 1472 617; x_wconf 90' lang='lat' dir='ltr'><strong>quem</strong></span> <span class='ocrx_word' id='word_1_199' title='bbox 1501 572 1723 618; x_wconf 86' lang='lat' dir='ltr'><strong>Augustinus</strong></span> <span class='ocrx_word' id='word_1_200' title='bbox 1750 571 1853 619; x_wconf 82' lang='lat' dir='ltr'><strong>epist.</strong></span> 
     </span>
    </p>

    <p class='ocr_par' dir='ltr' id='par_1_13' title="bbox 1097 630 1855 856">
     <span class='ocr_line' id='line_1_37' title="bbox 1143 630 1852 677; baseline 0.001 -11"><span class='ocrx_word' id='word_1_201' title='bbox 1143 631 1207 666; x_wconf 91' lang='lat'><strong>157</strong></span> <span class='ocrx_word' id='word_1_202' title='bbox 1245 630 1387 677; x_wconf 84' lang='lat' dir='ltr'><strong>scripsit</strong></span> <span class='ocrx_word' id='word_1_203' title='bbox 1425 630 1460 665; x_wconf 95' lang='lat' dir='ltr'><strong>II</strong></span> <span class='ocrx_word' id='word_1_204' title='bbox 1497 633 1552 674; x_wconf 93' lang='lat'><strong>77,</strong></span> <span class='ocrx_word' id='word_1_205' title='bbox 1591 632 1644 667; x_wconf 88' lang='grc'><strong>10.</strong></span> <span class='ocrx_word' id='word_1_206' title='bbox 1683 632 1760 674; x_wconf 92' lang='grc'>107,</span> <span class='ocrx_word' id='word_1_207' title='bbox 1798 631 1852 667; x_wconf 89' lang='grc'><strong>24.</strong></span> 
     </span>
     <span class='ocr_line' id='line_1_38' title="bbox 1098 690 1807 738; baseline 0.001 -13"><span class='ocrx_word' id='word_1_208' title='bbox 1098 690 1255 726; x_wconf 88' lang='lat' dir='ltr'><strong>Hilarius</strong></span> <span class='ocrx_word' id='word_1_209' title='bbox 1285 690 1486 738; x_wconf 56' lang='lat' dir='ltr'><strong>episcopum</strong></span> <span class='ocrx_word' id='word_1_210' title='bbox 1517 692 1561 735; x_wconf 76' lang='lat' dir='ltr'><strong>cl.</strong></span> <span class='ocrx_word' id='word_1_211' title='bbox 1593 690 1745 726; x_wconf 69' lang='lat' dir='ltr'><strong>Iudicem</strong></span> <span class='ocrx_word' id='word_1_212' title='bbox 1777 690 1807 726; x_wconf 93' lang='grc' dir='ltr'><strong>Ι.</strong></span> 
     </span>
     <span class='ocr_line' id='line_1_39' title="bbox 1098 749 1691 796; baseline 0.003 -12"><span class='ocrx_word' id='word_1_213' title='bbox 1098 749 1326 796; x_wconf 86' lang='lat' dir='ltr'><strong>Hipponense</strong></span> <span class='ocrx_word' id='word_1_214' title='bbox 1353 750 1439 785; x_wconf 88' lang='lat' dir='ltr'><strong>litus</strong></span> <span class='ocrx_word' id='word_1_215' title='bbox 1468 749 1504 785; x_wconf 95' lang='lat' dir='ltr'><strong>II</strong></span> <span class='ocrx_word' id='word_1_216' title='bbox 1532 751 1610 793; x_wconf 93' lang='grc'>100,</span> <span class='ocrx_word' id='word_1_217' title='bbox 1639 752 1691 786; x_wconf 90' lang='lat'><strong>14.</strong></span> 
     </span>
     <span class='ocr_line' id='line_1_40' title="bbox 1097 809 1855 856; baseline 0 -12"><span class='ocrx_word' id='word_1_218' title='bbox 1097 809 1282 855; x_wconf 87' lang='lat' dir='ltr'><strong>Hispania,</strong></span> <span class='ocrx_word' id='word_1_219' title='bbox 1308 821 1378 855; x_wconf 94' lang='lat' dir='ltr'><strong>quo</strong></span> <span class='ocrx_word' id='word_1_220' title='bbox 1402 809 1572 845; x_wconf 90' lang='lat' dir='ltr'><strong>nonnulla</strong></span> <span class='ocrx_word' id='word_1_221' title='bbox 1596 809 1764 856; x_wconf 85' lang='lat' dir='ltr'><strong>opuscula</strong></span> <span class='ocrx_word' id='word_1_222' title='bbox 1788 809 1855 845; x_wconf 87' lang='lat' dir='ltr'><strong>sub</strong></span> 
     </span>
    </p>

    <p class='ocr_par' dir='ltr' id='par_1_14' title="bbox 1139 869 1855 915">
     <span class='ocr_line' id='line_1_41' title="bbox 1139 869 1855 915; baseline 0 -11"><span class='ocrx_word' id='word_1_223' title='bbox 1139 869 1332 914; x_wconf 87' lang='lat' dir='ltr'><strong>Augustini</strong></span> <span class='ocrx_word' id='word_1_224' title='bbox 1352 869 1494 904; x_wconf 88' lang='lat' dir='ltr'><strong>nomine</strong></span> <span class='ocrx_word' id='word_1_225' title='bbox 1516 869 1716 915; x_wconf 87' lang='lat' dir='ltr'><strong>peruenisse</strong></span> <span class='ocrx_word' id='word_1_226' title='bbox 1738 869 1855 904; x_wconf 79' lang='lat' dir='ltr'><strong>ferun-</strong></span> 
     </span>
    </p>

    <p class='ocr_par' dir='ltr' id='par_1_15' title="bbox 1095 928 1855 1030">
     <span class='ocr_line' id='line_1_42' title="bbox 1139 928 1418 970; baseline 0.004 -7"><span class='ocrx_word' id='word_1_227' title='bbox 1139 932 1199 964; x_wconf 91' lang='lat' dir='ltr'><strong>tur</strong></span> <span class='ocrx_word' id='word_1_228' title='bbox 1224 928 1260 964; x_wconf 89' lang='lat'><strong>11</strong></span> <span class='ocrx_word' id='word_1_229' title='bbox 1285 930 1339 970; x_wconf 87' lang='lat'>72,</span> <span class='ocrx_word' id='word_1_230' title='bbox 1367 930 1418 965; x_wconf 90' lang='lat'><strong>13.</strong></span> 
     </span>
     <span class='ocr_line' id='line_1_43' title="bbox 1095 988 1855 1030; baseline -0.001 -7"><span class='ocrx_word' id='word_1_231' title='bbox 1095 989 1216 1023; x_wconf 92' lang='lat' dir='ltr'><strong>homo:</strong></span> <span class='ocrx_word' id='word_1_232' title='bbox 1257 988 1390 1023; x_wconf 88' lang='lat' dir='ltr'><strong>animal</strong></span> <span class='ocrx_word' id='word_1_233' title='bbox 1429 988 1614 1030; x_wconf 88' lang='lat' dir='ltr'><strong>rationale,</strong></span> <span class='ocrx_word' id='word_1_234' title='bbox 1653 988 1855 1023; x_wconf 88' lang='lat' dir='ltr'><strong>intellectus</strong></span> 
     </span>
    </p>

    <p class='ocr_par' dir='ltr' id='par_1_16' title="bbox 1141 1047 1854 1094">
     <span class='ocr_line' id='line_1_44' title="bbox 1141 1047 1854 1094; baseline 0 -12"><span class='ocrx_word' id='word_1_235' title='bbox 1141 1059 1265 1094; x_wconf 85' lang='lat' dir='ltr'><strong>capax,</strong></span> <span class='ocrx_word' id='word_1_236' title='bbox 1307 1047 1457 1082; x_wconf 90' lang='lat' dir='ltr'><strong>rationis</strong></span> <span class='ocrx_word' id='word_1_237' title='bbox 1497 1059 1640 1093; x_wconf 89' lang='lat' dir='ltr'><strong>compos</strong></span> <span class='ocrx_word' id='word_1_238' title='bbox 1679 1057 1854 1093; x_wconf 83' lang='lat' dir='ltr'><strong>sensuque</strong></span> 
     </span>
    </p>

    <p class='ocr_par' dir='ltr' id='par_1_17' title="bbox 1138 1107 1855 1629">
     <span class='ocr_line' id='line_1_45' title="bbox 1140 1107 1854 1152; baseline -0.001 -10"><span class='ocrx_word' id='word_1_239' title='bbox 1140 1107 1250 1142; x_wconf 89' lang='lat' dir='ltr'><strong>uiuax</strong></span> <span class='ocrx_word' id='word_1_240' title='bbox 1279 1107 1294 1141; x_wconf 90' lang='grc' dir='ltr'>Ι</span> <span class='ocrx_word' id='word_1_241' title='bbox 1319 1108 1398 1149; x_wconf 91' lang='lat'>415,</span> <span class='ocrx_word' id='word_1_242' title='bbox 1426 1108 1478 1142; x_wconf 85' lang='lat'><strong>18.</strong></span> <span class='ocrx_word' id='word_1_243' title='bbox 1518 1108 1623 1142; x_wconf 91' lang='lat' dir='ltr'><strong>homo</strong></span> <span class='ocrx_word' id='word_1_244' title='bbox 1649 1107 1785 1152; x_wconf 90' lang='lat' dir='ltr'><strong>primus</strong></span> <span class='ocrx_word' id='word_1_245' title='bbox 1809 1126 1854 1131; x_wconf 94' lang='lat'>—</span> 
     </span>
     <span class='ocr_line' id='line_1_46' title="bbox 1141 1166 1854 1209; baseline -0.003 -7"><span class='ocrx_word' id='word_1_246' title='bbox 1141 1168 1315 1202; x_wconf 89' lang='lat' dir='ltr'><strong>secundus</strong></span> <span class='ocrx_word' id='word_1_247' title='bbox 1344 1166 1360 1201; x_wconf 92' lang='grc' dir='ltr'>Ι</span> <span class='ocrx_word' id='word_1_248' title='bbox 1387 1168 1442 1209; x_wconf 94' lang='grc'><strong>21,</strong></span> <span class='ocrx_word' id='word_1_249' title='bbox 1472 1167 1525 1202; x_wconf 91' lang='lat'><strong>16.</strong></span> <span class='ocrx_word' id='word_1_250' title='bbox 1566 1178 1637 1201; x_wconf 92' lang='lat' dir='ltr'><strong>non</strong></span> <span class='ocrx_word' id='word_1_251' title='bbox 1664 1177 1683 1201; x_wconf 86' lang='lat' dir='ltr'><strong>a</strong></span> <span class='ocrx_word' id='word_1_252' title='bbox 1711 1166 1854 1201; x_wconf 89' lang='lat' dir='ltr'><strong>diabolo</strong></span> 
     </span>
     <span class='ocr_line' id='line_1_47' title="bbox 1140 1225 1853 1268; baseline -0.001 -7"><span class='ocrx_word' id='word_1_253' title='bbox 1140 1226 1231 1268; x_wconf 77' lang='lat' dir='ltr'><strong>fieri,</strong></span> <span class='ocrx_word' id='word_1_254' title='bbox 1260 1227 1321 1261; x_wconf 89' lang='lat' dir='ltr'><strong>sed</strong></span> <span class='ocrx_word' id='word_1_255' title='bbox 1351 1237 1372 1261; x_wconf 89' lang='lat' dir='ltr'><strong>a</strong></span> <span class='ocrx_word' id='word_1_256' title='bbox 1401 1227 1466 1261; x_wconf 90' lang='lat' dir='ltr'><strong>deo</strong></span> <span class='ocrx_word' id='word_1_257' title='bbox 1497 1225 1514 1261; x_wconf 96' lang='lat' dir='ltr'><strong>I</strong></span> <span class='ocrx_word' id='word_1_258' title='bbox 1542 1227 1620 1268; x_wconf 88' lang='lat'>431,</span> <span class='ocrx_word' id='word_1_259' title='bbox 1651 1227 1704 1261; x_wconf 87' lang='lat'><strong>20.</strong></span> <span class='ocrx_word' id='word_1_260' title='bbox 1748 1226 1853 1260; x_wconf 92' lang='lat' dir='ltr'><strong>homo</strong></span> 
     </span>
     <span class='ocr_line' id='line_1_48' title="bbox 1138 1285 1853 1327; baseline 0 -7"><span class='ocrx_word' id='word_1_261' title='bbox 1138 1286 1287 1322; x_wconf 87' lang='lat' dir='ltr'><strong>interior</strong></span> <span class='ocrx_word' id='word_1_262' title='bbox 1305 1306 1350 1310; x_wconf 91' lang='lat'><strong>——-</strong></span> <span class='ocrx_word' id='word_1_263' title='bbox 1370 1285 1524 1320; x_wconf 83' lang='lat' dir='ltr'><strong>exterior</strong></span> <span class='ocrx_word' id='word_1_264' title='bbox 1546 1285 1561 1320; x_wconf 92' lang='grc' dir='ltr'>Ι</span> <span class='ocrx_word' id='word_1_265' title='bbox 1582 1286 1637 1327; x_wconf 89' lang='lat'><strong>36,</strong></span> <span class='ocrx_word' id='word_1_266' title='bbox 1660 1286 1713 1321; x_wconf 92' lang='lat'><strong>15.</strong></span> <span class='ocrx_word' id='word_1_267' title='bbox 1748 1285 1853 1320; x_wconf 86' lang='lat' dir='ltr'><strong>homo</strong></span> 
     </span>
     <span class='ocr_line' id='line_1_49' title="bbox 1138 1344 1854 1387; baseline -0.001 -7"><span class='ocrx_word' id='word_1_268' title='bbox 1138 1345 1289 1380; x_wconf 86' lang='lat' dir='ltr'><strong>intimus</strong></span> <span class='ocrx_word' id='word_1_269' title='bbox 1310 1345 1326 1380; x_wconf 92' lang='grc' dir='ltr'><strong>Ι</strong></span> <span class='ocrx_word' id='word_1_270' title='bbox 1346 1346 1424 1387; x_wconf 90' lang='grc'>400,</span> <span class='ocrx_word' id='word_1_271' title='bbox 1445 1346 1498 1381; x_wconf 91' lang='lat'><strong>26.</strong></span> <span class='ocrx_word' id='word_1_272' title='bbox 1518 1345 1721 1380; x_wconf 90' lang='lat' dir='ltr'><strong>interiorem</strong></span> <span class='ocrx_word' id='word_1_273' title='bbox 1742 1344 1854 1379; x_wconf 92' lang='lat' dir='ltr'><strong>homi-</strong></span> 
     </span>
     <span class='ocr_line' id='line_1_50' title="bbox 1140 1403 1855 1449; baseline -0.004 -9"><span class='ocrx_word' id='word_1_274' title='bbox 1140 1416 1219 1440; x_wconf 86' lang='lat' dir='ltr'><strong>nem</strong></span> <span class='ocrx_word' id='word_1_275' title='bbox 1252 1416 1325 1440; x_wconf 88' lang='lat' dir='ltr'><strong>esse</strong></span> <span class='ocrx_word' id='word_1_276' title='bbox 1355 1405 1524 1447; x_wconf 88' lang='lat' dir='ltr'><strong>animam,</strong></span> <span class='ocrx_word' id='word_1_277' title='bbox 1553 1404 1722 1439; x_wconf 91' lang='lat' dir='ltr'><strong>intimum</strong></span> <span class='ocrx_word' id='word_1_278' title='bbox 1753 1403 1855 1449; x_wconf 89' lang='lat' dir='ltr'><strong>spiri·</strong></span> 
     </span>
     <span class='ocr_line' id='line_1_51' title="bbox 1141 1463 1853 1509; baseline -0.004 -9"><span class='ocrx_word' id='word_1_279' title='bbox 1141 1468 1218 1500; x_wconf 86' lang='lat' dir='ltr'><strong>tum</strong></span> <span class='ocrx_word' id='word_1_280' title='bbox 1236 1464 1251 1499; x_wconf 97' lang='grc' dir='ltr'><strong>Ι</strong></span> <span class='ocrx_word' id='word_1_281' title='bbox 1266 1465 1344 1506; x_wconf 93' lang='grc'>400,</span> <span class='ocrx_word' id='word_1_282' title='bbox 1359 1465 1391 1500; x_wconf 92' lang='grc'><strong>5.</strong></span> <span class='ocrx_word' id='word_1_283' title='bbox 1419 1464 1567 1500; x_wconf 83' lang='lat' dir='ltr'><strong>interior</strong></span> <span class='ocrx_word' id='word_1_284' title='bbox 1580 1465 1685 1499; x_wconf 92' lang='lat' dir='ltr'><strong>homo</strong></span> <span class='ocrx_word' id='word_1_285' title='bbox 1701 1463 1780 1509; x_wconf 89' lang='lat' dir='ltr'><strong>quis</strong></span> <span class='ocrx_word' id='word_1_286' title='bbox 1793 1463 1853 1504; x_wconf 90' lang='lat' dir='ltr'><strong>sit,</strong></span> 
     </span>
     <span class='ocr_line' id='line_1_52' title="bbox 1140 1523 1853 1570; baseline -0.003 -11"><span class='ocrx_word' id='word_1_287' title='bbox 1140 1527 1261 1559; x_wconf 89' lang='lat' dir='ltr'><strong>utrum</strong></span> <span class='ocrx_word' id='word_1_288' title='bbox 1281 1524 1401 1558; x_wconf 90' lang='lat' dir='ltr'><strong>anima</strong></span> <span class='ocrx_word' id='word_1_289' title='bbox 1421 1535 1465 1559; x_wconf 87' lang='lat' dir='ltr'><strong>an</strong></span> <span class='ocrx_word' id='word_1_290' title='bbox 1486 1523 1632 1570; x_wconf 87' lang='lat' dir='ltr'><strong>spiritus</strong></span> <span class='ocrx_word' id='word_1_291' title='bbox 1651 1534 1697 1559; x_wconf 86' lang='lat' dir='ltr'><strong>an</strong></span> <span class='ocrx_word' id='word_1_292' title='bbox 1717 1527 1853 1558; x_wconf 89' lang='lat' dir='ltr'><strong>utrum·</strong></span> 
     </span>
     <span class='ocr_line' id='line_1_53' title="bbox 1141 1582 1853 1629; baseline -0.003 -11"><span class='ocrx_word' id='word_1_293' title='bbox 1141 1595 1209 1629; x_wconf 89' lang='lat' dir='ltr'><strong>que</strong></span> <span class='ocrx_word' id='word_1_294' title='bbox 1235 1583 1251 1618; x_wconf 96' lang='lat' dir='ltr'><strong>I</strong></span> <span class='ocrx_word' id='word_1_295' title='bbox 1274 1585 1351 1625; x_wconf 73' lang='grc'>399,</span> <span class='ocrx_word' id='word_1_296' title='bbox 1378 1584 1430 1619; x_wconf 91' lang='grc'><strong>19.</strong></span> <span class='ocrx_word' id='word_1_297' title='bbox 1468 1583 1628 1618; x_wconf 90' lang='lat' dir='ltr'><strong>homines</strong></span> <span class='ocrx_word' id='word_1_298' title='bbox 1651 1582 1719 1624; x_wconf 88' lang='lat' dir='ltr'><strong>dei,</strong></span> <span class='ocrx_word' id='word_1_299' title='bbox 1742 1582 1853 1617; x_wconf 91' lang='lat' dir='ltr'><strong>immo</strong></span> 
     </span>
    </p>

    <p class='ocr_par' dir='ltr' id='par_1_18' title="bbox 1138 1642 1851 1689">
     <span class='ocr_line' id='line_1_54' title="bbox 1138 1642 1851 1689; baseline -0.003 -11"><span class='ocrx_word' id='word_1_300' title='bbox 1138 1643 1214 1689; x_wconf 86' lang='lat' dir='ltr'><strong>ipse</strong></span> <span class='ocrx_word' id='word_1_301' title='bbox 1233 1643 1379 1689; x_wconf 90' lang='lat' dir='ltr'><strong>spiritus</strong></span> <span class='ocrx_word' id='word_1_302' title='bbox 1397 1643 1453 1678; x_wconf 81' lang='lat' dir='ltr'><strong>dei</strong></span> <span class='ocrx_word' id='word_1_303' title='bbox 1475 1642 1490 1677; x_wconf 95' lang='lat' dir='ltr'><strong>I</strong></span> <span class='ocrx_word' id='word_1_304' title='bbox 1509 1643 1587 1685; x_wconf 85' lang='lat'>456,</span> <span class='ocrx_word' id='word_1_305' title='bbox 1606 1644 1639 1684; x_wconf 91' lang='grc'><strong>3,</strong></span> <span class='ocrx_word' id='word_1_306' title='bbox 1659 1643 1702 1686; x_wconf 78' lang='lat' dir='ltr'><strong>cs.</strong></span> <span class='ocrx_word' id='word_1_307' title='bbox 1722 1642 1799 1684; x_wconf 87' lang='lat'>492,</span> <span class='ocrx_word' id='word_1_308' title='bbox 1819 1642 1851 1677; x_wconf 83' lang='lat'><strong>7.</strong></span> 
     </span>
    </p>

    <p class='ocr_par' dir='ltr' id='par_1_19' title="bbox 1139 1700 1853 1738">
     <span class='ocr_line' id='line_1_55' title="bbox 1139 1700 1853 1738; baseline -0.003 -1"><span class='ocrx_word' id='word_1_309' title='bbox 1139 1702 1298 1737; x_wconf 88' lang='lat' dir='ltr'><strong>homines</strong></span> <span class='ocrx_word' id='word_1_310' title='bbox 1316 1703 1430 1737; x_wconf 89' lang='lat' dir='ltr'><strong>sancti</strong></span> <span class='ocrx_word' id='word_1_311' title='bbox 1441 1706 1477 1738; x_wconf 86' lang='lat' dir='ltr'><strong>et</strong></span> <span class='ocrx_word' id='word_1_312' title='bbox 1488 1702 1610 1737; x_wconf 81' lang='lat' dir='ltr'><strong>fideles</strong></span> <span class='ocrx_word' id='word_1_313' title='bbox 1622 1713 1701 1736; x_wconf 90' lang='lat' dir='ltr'><strong>cum</strong></span> <span class='ocrx_word' id='word_1_314' title='bbox 1713 1700 1853 1736; x_wconf 90' lang='lat' dir='ltr'><strong>Christo</strong></span> 
     </span>
    </p>

    <p class='ocr_par' dir='ltr' id='par_1_20' title="bbox 1139 1760 1853 1805">
     <span class='ocr_line' id='line_1_56' title="bbox 1139 1760 1853 1805; baseline -0.003 -8"><span class='ocrx_word' id='word_1_315' title='bbox 1139 1773 1231 1797; x_wconf 85' lang='lat' dir='ltr'><strong>unus</strong></span> <span class='ocrx_word' id='word_1_316' title='bbox 1242 1762 1400 1798; x_wconf 86' lang='lat' dir='ltr'><strong>Christus</strong></span> <span class='ocrx_word' id='word_1_317' title='bbox 1422 1761 1437 1796; x_wconf 96' lang='grc' dir='ltr'><strong>Ι</strong></span> <span class='ocrx_word' id='word_1_318' title='bbox 1456 1763 1511 1803; x_wconf 88' lang='grc'>61,</span> <span class='ocrx_word' id='word_1_319' title='bbox 1531 1763 1588 1802; x_wconf 90' lang='grc'><strong>13;</strong></span> <span class='ocrx_word' id='word_1_320' title='bbox 1607 1763 1650 1805; x_wconf 78' lang='lat' dir='ltr'><strong>cl.</strong></span> <span class='ocrx_word' id='word_1_321' title='bbox 1669 1761 1685 1795; x_wconf 95' lang='lat' dir='ltr'><strong>I</strong></span> <span class='ocrx_word' id='word_1_322' title='bbox 1702 1761 1779 1802; x_wconf 90' lang='grc'>399,</span> <span class='ocrx_word' id='word_1_323' title='bbox 1795 1760 1853 1802; x_wconf 87' lang='grc'><strong>26,</strong></span> 
     </span>
    </p>

    <p class='ocr_par' dir='ltr' id='par_1_21' title="bbox 1139 1820 1848 1863">
     <span class='ocr_line' id='line_1_57' title="bbox 1139 1820 1848 1863; baseline -0.003 -6"><span class='ocrx_word' id='word_1_324' title='bbox 1139 1823 1219 1863; x_wconf 93' lang='grc'>400,</span> <span class='ocrx_word' id='word_1_325' title='bbox 1239 1823 1292 1856; x_wconf 92' lang='grc'><strong>10.</strong></span> <span class='ocrx_word' id='word_1_326' title='bbox 1313 1823 1364 1857; x_wconf 93' lang='grc'>14.</span> <span class='ocrx_word' id='word_1_327' title='bbox 1386 1822 1438 1856; x_wconf 88' lang='grc'><strong>17.</strong></span> <span class='ocrx_word' id='word_1_328' title='bbox 1457 1822 1535 1863; x_wconf 91' lang='grc'>405,</span> <span class='ocrx_word' id='word_1_329' title='bbox 1554 1823 1585 1856; x_wconf 93' lang='lat'><strong>4.</strong></span> <span class='ocrx_word' id='word_1_330' title='bbox 1604 1822 1682 1862; x_wconf 90' lang='lat'>432,</span> <span class='ocrx_word' id='word_1_331' title='bbox 1702 1821 1754 1855; x_wconf 91' lang='lat'><strong>24.</strong></span> <span class='ocrx_word' id='word_1_332' title='bbox 1773 1820 1848 1855; x_wconf 88' lang='lat'>431.</span> 
     </span>
    </p>

    <p class='ocr_par' dir='ltr' id='par_1_22' title="bbox 1141 1879 1852 1926">
     <span class='ocr_line' id='line_1_58' title="bbox 1141 1879 1852 1926; baseline -0.004 -10"><span class='ocrx_word' id='word_1_333' title='bbox 1141 1882 1194 1916; x_wconf 88' lang='lat'><strong>22.</strong></span> <span class='ocrx_word' id='word_1_334' title='bbox 1223 1880 1259 1915; x_wconf 92' lang='grc' dir='ltr'><strong>ΙΙ</strong></span> <span class='ocrx_word' id='word_1_335' title='bbox 1284 1882 1360 1923; x_wconf 89' lang='grc'>232,</span> <span class='ocrx_word' id='word_1_336' title='bbox 1388 1882 1440 1916; x_wconf 90' lang='grc'><strong>13.</strong></span> <span class='ocrx_word' id='word_1_337' title='bbox 1466 1880 1623 1926; x_wconf 90' lang='lat' dir='ltr'><strong>possitne</strong></span> <span class='ocrx_word' id='word_1_338' title='bbox 1647 1880 1752 1914; x_wconf 92' lang='lat' dir='ltr'><strong>homo</strong></span> <span class='ocrx_word' id='word_1_339' title='bbox 1777 1879 1852 1914; x_wconf 89' lang='lat' dir='ltr'><strong>sine</strong></span> 
     </span>
    </p>

    <p class='ocr_par' dir='ltr' id='par_1_23' title="bbox 1140 1939 1852 1986">
     <span class='ocr_line' id='line_1_59' title="bbox 1140 1939 1852 1986; baseline -0.003 -11"><span class='ocrx_word' id='word_1_340' title='bbox 1140 1943 1286 1986; x_wconf 88' lang='lat' dir='ltr'><strong>peccato</strong></span> <span class='ocrx_word' id='word_1_341' title='bbox 1317 1951 1390 1975; x_wconf 86' lang='lat' dir='ltr'><strong>esse</strong></span> <span class='ocrx_word' id='word_1_342' title='bbox 1419 1940 1457 1974; x_wconf 92' lang='lat' dir='ltr'><strong>in</strong></span> <span class='ocrx_word' id='word_1_343' title='bbox 1474 1941 1539 1975; x_wconf 91' lang='lat' dir='ltr'><strong>hac</strong></span> <span class='ocrx_word' id='word_1_344' title='bbox 1556 1939 1633 1974; x_wconf 89' lang='lat' dir='ltr'><strong>uita</strong></span> <span class='ocrx_word' id='word_1_345' title='bbox 1666 1939 1681 1974; x_wconf 91' lang='lat'>1</span> <span class='ocrx_word' id='word_1_346' title='bbox 1711 1940 1766 1980; x_wconf 91' lang='lat'><strong>77,</strong></span> <span class='ocrx_word' id='word_1_347' title='bbox 1798 1939 1852 1974; x_wconf 87' lang='lat'><strong>17.</strong></span> 
     </span>
    </p>

    <p class='ocr_par' dir='ltr' id='par_1_24' title="bbox 1141 1998 1851 2044">
     <span class='ocr_line' id='line_1_60' title="bbox 1141 1998 1851 2044; baseline -0.003 -9"><span class='ocrx_word' id='word_1_348' title='bbox 1141 2001 1217 2042; x_wconf 90' lang='lat'>221,</span> <span class='ocrx_word' id='word_1_349' title='bbox 1241 2001 1294 2036; x_wconf 89' lang='lat'><strong>23.</strong></span> <span class='ocrx_word' id='word_1_350' title='bbox 1318 2001 1361 2044; x_wconf 78' lang='lat' dir='ltr'><strong>cl.</strong></span> <span class='ocrx_word' id='word_1_351' title='bbox 1385 2000 1440 2042; x_wconf 90' lang='lat'><strong>78,</strong></span> <span class='ocrx_word' id='word_1_352' title='bbox 1463 2001 1516 2035; x_wconf 91' lang='lat'><strong>17.</strong></span> <span class='ocrx_word' id='word_1_353' title='bbox 1541 1999 1618 2041; x_wconf 88' lang='lat'>155,</span> <span class='ocrx_word' id='word_1_354' title='bbox 1640 1999 1672 2034; x_wconf 89' lang='lat'><strong>6.</strong></span> <span class='ocrx_word' id='word_1_355' title='bbox 1696 1999 1773 2040; x_wconf 87' lang='lat'>227,</span> <span class='ocrx_word' id='word_1_356' title='bbox 1797 1998 1851 2033; x_wconf 90' lang='lat'><strong>19.</strong></span> 
     </span>
    </p>

    <p class='ocr_par' dir='ltr' id='par_1_25' title="bbox 1139 2060 1298 2102">
     <span class='ocr_line' id='line_1_61' title="bbox 1139 2060 1298 2102; baseline 0.006 -8"><span class='ocrx_word' id='word_1_357' title='bbox 1139 2061 1218 2102; x_wconf 89' lang='lat'>447,</span> <span class='ocrx_word' id='word_1_358' title='bbox 1244 2060 1298 2095; x_wconf 92' lang='lat'><strong>10.</strong></span> 
     </span>
    </p>
   </div>
   <div class='ocr_carea' id='block_1_6' title="bbox 305 2117 1849 2165">
    <p class='ocr_par' dir='ltr' id='par_1_26' title="bbox 305 2117 1849 2165">
     <span class='ocr_line' id='line_1_62' title="bbox 305 2117 1849 2165; baseline -0.002 -11"><span class='ocrx_word' id='word_1_359' title='bbox 305 2120 403 2165; x_wconf 79' lang='lat' dir='ltr'><strong>gines</strong></span> <span class='ocrx_word' id='word_1_360' title='bbox 446 2120 481 2154; x_wconf 93' lang='lat' dir='ltr'><strong>II</strong></span> <span class='ocrx_word' id='word_1_361' title='bbox 522 2121 599 2162; x_wconf 89' lang='grc'>216,</span> <span class='ocrx_word' id='word_1_362' title='bbox 642 2122 694 2156; x_wconf 92' lang='lat'><strong>13.</strong></span> <span class='ocrx_word' id='word_1_363' title='bbox 749 2119 896 2154; x_wconf 86' lang='lat' dir='ltr'><strong>heretici</strong></span> <span class='ocrx_word' id='word_1_364' title='bbox 935 2119 1021 2154; x_wconf 90' lang='lat' dir='ltr'><strong>noui</strong></span> <span class='ocrx_word' id='word_1_365' title='bbox 1093 2117 1772 2157; x_wconf 79' lang='lat' dir='ltr'><strong>humanitasGhristireuelataII191,</strong></span> <span class='ocrx_word' id='word_1_366' title='bbox 1795 2117 1849 2152; x_wconf 94' lang='lat'><strong>24.</strong></span> 
     </span>
    </p>
   </div>
   <div class='ocr_carea' id='block_1_7' title="bbox 258 2179 1020 2938">
    <p class='ocr_par' dir='ltr' id='par_1_27' title="bbox 303 2179 1020 2459">
     <span class='ocr_line' id='line_1_63' title="bbox 304 2179 1020 2215; baseline -0.001 -1"><span class='ocrx_word' id='word_1_367' title='bbox 304 2179 514 2214; x_wconf 86' lang='lat' dir='ltr'><strong>medicinam</strong></span> <span class='ocrx_word' id='word_1_368' title='bbox 547 2179 678 2215; x_wconf 90' lang='lat' dir='ltr'><strong>Christi</strong></span> <span class='ocrx_word' id='word_1_369' title='bbox 708 2179 895 2214; x_wconf 88' lang='lat' dir='ltr'><strong>carnaliter</strong></span> <span class='ocrx_word' id='word_1_370' title='bbox 923 2179 1020 2214; x_wconf 88' lang='lat' dir='ltr'><strong>natis</strong></span> 
     </span>
     <span class='ocr_line' id='line_1_64' title="bbox 303 2239 1019 2285; baseline -0.001 -11"><span class='ocrx_word' id='word_1_371' title='bbox 303 2239 462 2285; x_wconf 88' lang='lat' dir='ltr'><strong>paruulis</strong></span> <span class='ocrx_word' id='word_1_372' title='bbox 486 2239 719 2274; x_wconf 87' lang='lat' dir='ltr'><strong>necessariam</strong></span> <span class='ocrx_word' id='word_1_373' title='bbox 743 2250 814 2274; x_wconf 92' lang='lat' dir='ltr'><strong>non</strong></span> <span class='ocrx_word' id='word_1_374' title='bbox 839 2250 914 2274; x_wconf 90' lang='lat' dir='ltr'><strong>esse</strong></span> <span class='ocrx_word' id='word_1_375' title='bbox 938 2249 1019 2273; x_wconf 91' lang='lat' dir='ltr'><strong>con-</strong></span> 
     </span>
     <span class='ocr_line' id='line_1_65' title="bbox 304 2297 1019 2341; baseline -0.001 -8"><span class='ocrx_word' id='word_1_376' title='bbox 304 2298 458 2333; x_wconf 85' lang='lat' dir='ltr'><strong>tendunt</strong></span> <span class='ocrx_word' id='word_1_377' title='bbox 494 2298 529 2333; x_wconf 94' lang='lat' dir='ltr'><strong>II</strong></span> <span class='ocrx_word' id='word_1_378' title='bbox 563 2300 640 2341; x_wconf 93' lang='lat'>211,</span> <span class='ocrx_word' id='word_1_379' title='bbox 674 2299 706 2333; x_wconf 95' lang='lat'><strong>5.</strong></span> <span class='ocrx_word' id='word_1_380' title='bbox 754 2298 900 2333; x_wconf 88' lang='lat' dir='ltr'><strong>heretici</strong></span> <span class='ocrx_word' id='word_1_381' title='bbox 933 2297 1019 2333; x_wconf 92' lang='lat' dir='ltr'><strong>noui</strong></span> 
     </span>
     <span class='ocr_line' id='line_1_66' title="bbox 304 2357 1018 2403; baseline -0.004 -9"><span class='ocrx_word' id='word_1_382' title='bbox 304 2357 486 2403; x_wconf 86' lang='lat' dir='ltr'><strong>Pelagiani</strong></span> <span class='ocrx_word' id='word_1_383' title='bbox 508 2358 523 2392; x_wconf 94' lang='lat' dir='ltr'><strong>I</strong></span> <span class='ocrx_word' id='word_1_384' title='bbox 543 2359 621 2399; x_wconf 92' lang='lat'>470,</span> <span class='ocrx_word' id='word_1_385' title='bbox 644 2359 696 2393; x_wconf 91' lang='lat'><strong>18.</strong></span> <span class='ocrx_word' id='word_1_386' title='bbox 718 2357 796 2400; x_wconf 90' lang='lat'>503,</span> <span class='ocrx_word' id='word_1_387' title='bbox 817 2358 871 2393; x_wconf 89' lang='lat'><strong>28.</strong></span> <span class='ocrx_word' id='word_1_388' title='bbox 904 2357 1018 2392; x_wconf 79' lang='lat' dir='ltr'><strong>futuri</strong></span> 
     </span>
     <span class='ocr_line' id='line_1_67' title="bbox 303 2417 718 2459; baseline 0 -7"><span class='ocrx_word' id='word_1_389' title='bbox 303 2418 415 2452; x_wconf 90' lang='lat' dir='ltr'><strong>heret.</strong></span> <span class='ocrx_word' id='word_1_390' title='bbox 443 2417 514 2453; x_wconf 89' lang='lat' dir='ltr'>Pel.</span> <span class='ocrx_word' id='word_1_391' title='bbox 542 2417 557 2452; x_wconf 98' lang='lat' dir='ltr'><strong>I</strong></span> <span class='ocrx_word' id='word_1_392' title='bbox 582 2417 661 2459; x_wconf 88' lang='lat'>546,</span> <span class='ocrx_word' id='word_1_393' title='bbox 686 2418 718 2452; x_wconf 92' lang='lat'><strong>9.</strong></span> 
     </span>
    </p>

    <p class='ocr_par' dir='ltr' id='par_1_28' title="bbox 260 2476 854 2520">
     <span class='ocr_line' id='line_1_68' title="bbox 260 2476 854 2520; baseline -0.002 -8"><span class='ocrx_word' id='word_1_394' title='bbox 260 2477 372 2512; x_wconf 88' lang='lat' dir='ltr'><strong>Heros</strong></span> <span class='ocrx_word' id='word_1_395' title='bbox 400 2480 437 2512; x_wconf 89' lang='lat' dir='ltr'><strong>et</strong></span> <span class='ocrx_word' id='word_1_396' title='bbox 465 2477 620 2512; x_wconf 87' lang='lat' dir='ltr'><strong>Lazarus</strong></span> <span class='ocrx_word' id='word_1_397' title='bbox 646 2478 690 2520; x_wconf 76' lang='lat' dir='ltr'><strong>cl.</strong></span> <span class='ocrx_word' id='word_1_398' title='bbox 721 2476 854 2511; x_wconf 88' lang='lat' dir='ltr'><strong>Gallus.</strong></span> 
     </span>
    </p>

    <p class='ocr_par' dir='ltr' id='par_1_29' title="bbox 259 2535 1016 2638">
     <span class='ocr_line' id='line_1_69' title="bbox 259 2535 1016 2571; baseline -0.001 0"><span class='ocrx_word' id='word_1_399' title='bbox 259 2536 454 2571; x_wconf 87' lang='lat' dir='ltr'><strong>Hieremias</strong></span> <span class='ocrx_word' id='word_1_400' title='bbox 477 2536 515 2571; x_wconf 91' lang='lat' dir='ltr'><strong>in</strong></span> <span class='ocrx_word' id='word_1_401' title='bbox 540 2539 641 2571; x_wconf 87' lang='lat' dir='ltr'><strong>utero</strong></span> <span class='ocrx_word' id='word_1_402' title='bbox 665 2535 791 2571; x_wconf 90' lang='lat' dir='ltr'><strong>matris</strong></span> <span class='ocrx_word' id='word_1_403' title='bbox 815 2535 1016 2570; x_wconf 81' lang='lat' dir='ltr'><strong>sanctifica-</strong></span> 
     </span>
     <span class='ocr_line' id='line_1_70' title="bbox 303 2595 567 2638; baseline 0.004 -8"><span class='ocrx_word' id='word_1_404' title='bbox 303 2599 362 2630; x_wconf 91' lang='lat' dir='ltr'><strong>tus</strong></span> <span class='ocrx_word' id='word_1_405' title='bbox 389 2595 404 2630; x_wconf 95' lang='grc' dir='ltr'>Ι</span> <span class='ocrx_word' id='word_1_406' title='bbox 430 2596 487 2638; x_wconf 88' lang='grc'><strong>29,</strong></span> <span class='ocrx_word' id='word_1_407' title='bbox 514 2597 567 2631; x_wconf 91' lang='grc'><strong>13.</strong></span> 
     </span>
    </p>

    <p class='ocr_par' dir='ltr' id='par_1_30' title="bbox 258 2653 1017 2938">
     <span class='ocr_line' id='line_1_71' title="bbox 258 2653 1016 2701; baseline -0.001 -12"><span class='ocrx_word' id='word_1_408' title='bbox 258 2655 497 2700; x_wconf 88' lang='lat' dir='ltr'><strong>Hieronymus</strong></span> <span class='ocrx_word' id='word_1_409' title='bbox 528 2654 700 2701; x_wconf 84' lang='lat' dir='ltr'><strong>plurimos</strong></span> <span class='ocrx_word' id='word_1_410' title='bbox 732 2653 918 2700; x_wconf 85' lang='lat' dir='ltr'><strong>utriusque</strong></span> <span class='ocrx_word' id='word_1_411' title='bbox 950 2653 1016 2688; x_wconf 91' lang='lat' dir='ltr'><strong>lin-</strong></span> 
     </span>
     <span class='ocr_line' id='line_1_72' title="bbox 301 2713 1016 2760; baseline -0.003 -11"><span class='ocrx_word' id='word_1_412' title='bbox 301 2725 391 2760; x_wconf 77' lang='lat' dir='ltr'><strong>guae</strong></span> <span class='ocrx_word' id='word_1_413' title='bbox 402 2713 604 2749; x_wconf 89' lang='lat' dir='ltr'><strong>diuinarum</strong></span> <span class='ocrx_word' id='word_1_414' title='bbox 617 2713 870 2760; x_wconf 86' lang='lat' dir='ltr'><strong>scripturarum</strong></span> <span class='ocrx_word' id='word_1_415' title='bbox 884 2715 1016 2748; x_wconf 87' lang='lat' dir='ltr'><strong>tracta-</strong></span> 
     </span>
     <span class='ocr_line' id='line_1_73' title="bbox 302 2771 1016 2818; baseline -0.001 -10"><span class='ocrx_word' id='word_1_416' title='bbox 302 2779 396 2808; x_wconf 87' lang='lat' dir='ltr'><strong>tores</strong></span> <span class='ocrx_word' id='word_1_417' title='bbox 445 2777 483 2808; x_wconf 89' lang='lat' dir='ltr'><strong>et</strong></span> <span class='ocrx_word' id='word_1_418' title='bbox 532 2773 805 2808; x_wconf 85' lang='lat' dir='ltr'><strong>christianarum</strong></span> <span class='ocrx_word' id='word_1_419' title='bbox 855 2771 1016 2818; x_wconf 86' lang='lat' dir='ltr'><strong>disputa-</strong></span> 
     </span>
     <span class='ocr_line' id='line_1_74' title="bbox 300 2830 1017 2878; baseline -0.003 -10"><span class='ocrx_word' id='word_1_420' title='bbox 300 2832 439 2868; x_wconf 90' lang='lat' dir='ltr'><strong>tionum</strong></span> <span class='ocrx_word' id='word_1_421' title='bbox 478 2832 667 2878; x_wconf 81' lang='lat' dir='ltr'><strong>scriptores</strong></span> <span class='ocrx_word' id='word_1_422' title='bbox 705 2835 960 2867; x_wconf 82' lang='lat' dir='ltr'><strong>commemorat</strong></span> <span class='ocrx_word' id='word_1_423' title='bbox 999 2830 1017 2866; x_wconf 93' lang='grc' dir='ltr'><strong>Ι</strong></span> 
     </span>
     <span class='ocr_line' id='line_1_75' title="bbox 303 2891 980 2938; baseline -0.003 -10"><span class='ocrx_word' id='word_1_424' title='bbox 303 2893 380 2935; x_wconf 88' lang='lat'>138,</span> <span class='ocrx_word' id='word_1_425' title='bbox 399 2892 453 2927; x_wconf 91' lang='lat'><strong>12.</strong></span> <span class='ocrx_word' id='word_1_426' title='bbox 474 2893 528 2928; x_wconf 87' lang='lat'><strong>24.</strong></span> <span class='ocrx_word' id='word_1_427' title='bbox 554 2896 698 2928; x_wconf 84' lang='lat' dir='ltr'><strong>sanctus</strong></span> <span class='ocrx_word' id='word_1_428' title='bbox 731 2891 776 2927; x_wconf 91' lang='lat' dir='ltr'><strong>H.</strong></span> <span class='ocrx_word' id='word_1_429' title='bbox 797 2891 980 2938; x_wconf 82' lang='lat' dir='ltr'><strong>presbyter</strong></span> 
     </span>
    </p>
   </div>
   <div class='ocr_carea' id='block_1_8' title="bbox 1091 2236 1852 2930">
    <p class='ocr_par' dir='ltr' id='par_1_31' title="bbox 1095 2236 1852 2576">
     <span class='ocr_line' id='line_1_76' title="bbox 1095 2236 1852 2273; baseline -0.004 -1"><span class='ocrx_word' id='word_1_430' title='bbox 1095 2237 1201 2273; x_wconf 85' lang='lat' dir='ltr'><strong>Iacob</strong></span> <span class='ocrx_word' id='word_1_431' title='bbox 1218 2248 1297 2272; x_wconf 89' lang='lat' dir='ltr'><strong>cum</strong></span> <span class='ocrx_word' id='word_1_432' title='bbox 1314 2237 1494 2272; x_wconf 89' lang='lat' dir='ltr'><strong>Abraham</strong></span> <span class='ocrx_word' id='word_1_433' title='bbox 1511 2240 1548 2272; x_wconf 90' lang='lat' dir='ltr'><strong>et</strong></span> <span class='ocrx_word' id='word_1_434' title='bbox 1566 2236 1665 2271; x_wconf 83' lang='lat' dir='ltr'><strong>Isaac</strong></span> <span class='ocrx_word' id='word_1_435' title='bbox 1680 2244 1852 2270; x_wconf 79' lang='lat' dir='ltr'><strong>memora-</strong></span> 
     </span>
     <span class='ocr_line' id='line_1_77' title="bbox 1137 2293 1852 2339; baseline -0.006 -7"><span class='ocrx_word' id='word_1_436' title='bbox 1137 2300 1198 2332; x_wconf 90' lang='lat' dir='ltr'><strong>tur</strong></span> <span class='ocrx_word' id='word_1_437' title='bbox 1218 2297 1234 2332; x_wconf 97' lang='grc' dir='ltr'>Ι</span> <span class='ocrx_word' id='word_1_438' title='bbox 1253 2297 1331 2339; x_wconf 90' lang='grc'>260,</span> <span class='ocrx_word' id='word_1_439' title='bbox 1351 2298 1405 2332; x_wconf 91' lang='grc'><strong>21.</strong></span> <span class='ocrx_word' id='word_1_440' title='bbox 1426 2297 1504 2338; x_wconf 88' lang='grc'>263,</span> <span class='ocrx_word' id='word_1_441' title='bbox 1525 2297 1578 2331; x_wconf 85' lang='grc'><strong>17.</strong></span> <span class='ocrx_word' id='word_1_442' title='bbox 1599 2295 1679 2337; x_wconf 90' lang='lat'>488,</span> <span class='ocrx_word' id='word_1_443' title='bbox 1699 2295 1751 2330; x_wconf 84' lang='lat'><strong>17.</strong></span> <span class='ocrx_word' id='word_1_444' title='bbox 1772 2293 1852 2329; x_wconf 87' lang='lat' dir='ltr'><strong>uni·</strong></span> 
     </span>
     <span class='ocr_line' id='line_1_78' title="bbox 1136 2352 1850 2401; baseline -0.006 -10"><span class='ocrx_word' id='word_1_445' title='bbox 1136 2367 1277 2391; x_wconf 91' lang='lat' dir='ltr'><strong>uersum</strong></span> <span class='ocrx_word' id='word_1_446' title='bbox 1286 2367 1404 2391; x_wconf 88' lang='lat' dir='ltr'><strong>semen</strong></span> <span class='ocrx_word' id='word_1_447' title='bbox 1414 2355 1520 2391; x_wconf 85' lang='lat' dir='ltr'><strong>Iacob</strong></span> <span class='ocrx_word' id='word_1_448' title='bbox 1533 2354 1703 2401; x_wconf 87' lang='lat' dir='ltr'><strong>appellari</strong></span> <span class='ocrx_word' id='word_1_449' title='bbox 1718 2352 1850 2388; x_wconf 82' lang='lat' dir='ltr'><strong>Israhel</strong></span> 
     </span>
     <span class='ocr_line' id='line_1_79' title="bbox 1138 2412 1851 2461; baseline -0.006 -10"><span class='ocrx_word' id='word_1_450' title='bbox 1138 2415 1154 2450; x_wconf 93' lang='lat' dir='ltr'><strong>I</strong></span> <span class='ocrx_word' id='word_1_451' title='bbox 1173 2416 1252 2458; x_wconf 88' lang='lat'>415,</span> <span class='ocrx_word' id='word_1_452' title='bbox 1271 2417 1305 2451; x_wconf 91' lang='lat'><strong>3.</strong></span> <span class='ocrx_word' id='word_1_453' title='bbox 1339 2415 1434 2461; x_wconf 85' lang='lat' dir='ltr'><strong>apud</strong></span> <span class='ocrx_word' id='word_1_454' title='bbox 1453 2415 1559 2450; x_wconf 88' lang='lat' dir='ltr'><strong>deum</strong></span> <span class='ocrx_word' id='word_1_455' title='bbox 1579 2412 1762 2460; x_wconf 87' lang='lat' dir='ltr'><strong>praecedit</strong></span> <span class='ocrx_word' id='word_1_456' title='bbox 1781 2412 1851 2447; x_wconf 80' lang='lat' dir='ltr'><strong>fra·</strong></span> 
     </span>
     <span class='ocr_line' id='line_1_80' title="bbox 1135 2471 1847 2518; baseline -0.004 -8"><span class='ocrx_word' id='word_1_457' title='bbox 1135 2478 1225 2510; x_wconf 90' lang='lat' dir='ltr'><strong>trem</strong></span> <span class='ocrx_word' id='word_1_458' title='bbox 1251 2474 1266 2509; x_wconf 95' lang='lat' dir='ltr'><strong>I</strong></span> <span class='ocrx_word' id='word_1_459' title='bbox 1287 2475 1366 2517; x_wconf 87' lang='lat'>539,</span> <span class='ocrx_word' id='word_1_460' title='bbox 1390 2475 1448 2515; x_wconf 89' lang='grc'>18;</span> <span class='ocrx_word' id='word_1_461' title='bbox 1469 2475 1514 2518; x_wconf 74' lang='lat' dir='ltr'><strong>ct.</strong></span> <span class='ocrx_word' id='word_1_462' title='bbox 1536 2475 1614 2515; x_wconf 89' lang='lat'>477,</span> <span class='ocrx_word' id='word_1_463' title='bbox 1637 2474 1692 2508; x_wconf 91' lang='lat'><strong>24.</strong></span> <span class='ocrx_word' id='word_1_464' title='bbox 1715 2472 1794 2514; x_wconf 88' lang='lat'>478,</span> <span class='ocrx_word' id='word_1_465' title='bbox 1814 2471 1847 2508; x_wconf 91' lang='lat'><strong>8.</strong></span> 
     </span>
     <span class='ocr_line' id='line_1_81' title="bbox 1135 2535 1270 2576; baseline 0 -7"><span class='ocrx_word' id='word_1_466' title='bbox 1135 2535 1212 2576; x_wconf 90' lang='lat'>484,</span> <span class='ocrx_word' id='word_1_467' title='bbox 1238 2535 1270 2570; x_wconf 90' lang='lat'><strong>9.</strong></span> 
     </span>
    </p>

    <p class='ocr_par' dir='ltr' id='par_1_32' title="bbox 1091 2591 1848 2639">
     <span class='ocr_line' id='line_1_82' title="bbox 1091 2591 1848 2639; baseline -0.005 -10"><span class='ocrx_word' id='word_1_468' title='bbox 1091 2593 1240 2629; x_wconf 77' lang='lat' dir='ltr'><strong>Iacobus</strong></span> <span class='ocrx_word' id='word_1_469' title='bbox 1264 2592 1446 2639; x_wconf 87' lang='lat' dir='ltr'><strong>apostolus</strong></span> <span class='ocrx_word' id='word_1_470' title='bbox 1472 2592 1489 2628; x_wconf 93' lang='grc' dir='ltr'>Ι</span> <span class='ocrx_word' id='word_1_471' title='bbox 1514 2593 1592 2635; x_wconf 87' lang='lat'>243,</span> <span class='ocrx_word' id='word_1_472' title='bbox 1615 2592 1649 2628; x_wconf 90' lang='lat'><strong>3.</strong></span> <span class='ocrx_word' id='word_1_473' title='bbox 1674 2591 1767 2632; x_wconf 85' lang='lat'>244,</span> <span class='ocrx_word' id='word_1_474' title='bbox 1794 2591 1848 2626; x_wconf 88' lang='lat'><strong>11.</strong></span> 
     </span>
    </p>

    <p class='ocr_par' dir='ltr' id='par_1_33' title="bbox 1091 2650 1851 2872">
     <span class='ocr_line' id='line_1_83' title="bbox 1091 2650 1849 2698; baseline -0.004 -10"><span class='ocrx_word' id='word_1_475' title='bbox 1091 2652 1241 2688; x_wconf 83' lang='lat' dir='ltr'><strong>Iacobus</strong></span> <span class='ocrx_word' id='word_1_476' title='bbox 1256 2656 1294 2688; x_wconf 80' lang='lat' dir='ltr'><strong>et.</strong></span> <span class='ocrx_word' id='word_1_477' title='bbox 1308 2651 1484 2687; x_wconf 84' lang='lat' dir='ltr'><strong>Timasius</strong></span> <span class='ocrx_word' id='word_1_478' title='bbox 1498 2651 1699 2698; x_wconf 79' lang='lat' dir='ltr'><strong>Augustino</strong></span> <span class='ocrx_word' id='word_1_479' title='bbox 1717 2650 1849 2686; x_wconf 88' lang='lat' dir='ltr'><strong>librum</strong></span> 
     </span>
     <span class='ocr_line' id='line_1_84' title="bbox 1133 2709 1848 2754; baseline -0.003 -7"><span class='ocrx_word' id='word_1_480' title='bbox 1133 2712 1308 2747; x_wconf 87' lang='lat' dir='ltr'><strong>miserunt</strong></span> <span class='ocrx_word' id='word_1_481' title='bbox 1327 2710 1343 2746; x_wconf 95' lang='lat' dir='ltr'><strong>I</strong></span> <span class='ocrx_word' id='word_1_482' title='bbox 1362 2712 1439 2754; x_wconf 89' lang='grc'>233,</span> <span class='ocrx_word' id='word_1_483' title='bbox 1459 2713 1490 2747; x_wconf 93' lang='grc'><strong>1.</strong></span> <span class='ocrx_word' id='word_1_484' title='bbox 1511 2710 1549 2746; x_wconf 92' lang='lat'><strong>11</strong></span> <span class='ocrx_word' id='word_1_485' title='bbox 1567 2711 1645 2753; x_wconf 91' lang='grc'>101,</span> <span class='ocrx_word' id='word_1_486' title='bbox 1663 2711 1700 2746; x_wconf 89' lang='lat'><strong>4.</strong></span> <span class='ocrx_word' id='word_1_487' title='bbox 1720 2709 1797 2751; x_wconf 90' lang='grc'>102,</span> <span class='ocrx_word' id='word_1_488' title='bbox 1815 2709 1848 2745; x_wconf 88' lang='grc'><strong>2.</strong></span> 
     </span>
     <span class='ocr_line' id='line_1_85' title="bbox 1134 2769 1851 2817; baseline -0.004 -11"><span class='ocrx_word' id='word_1_489' title='bbox 1134 2771 1180 2806; x_wconf 90' lang='lat' dir='ltr'><strong>ad</strong></span> <span class='ocrx_word' id='word_1_490' title='bbox 1196 2770 1438 2817; x_wconf 86' lang='lat' dir='ltr'><strong>Augustinum</strong></span> <span class='ocrx_word' id='word_1_491' title='bbox 1463 2769 1653 2816; x_wconf 81' lang='lat' dir='ltr'><strong>epistulam</strong></span> <span class='ocrx_word' id='word_1_492' title='bbox 1669 2769 1851 2804; x_wconf 75' lang='lat' dir='ltr'><strong>dederunt</strong></span> 
     </span>
     <span class='ocr_line' id='line_1_86' title="bbox 1137 2829 1334 2872; baseline 0.005 -7"><span class='ocrx_word' id='word_1_493' title='bbox 1137 2829 1174 2865; x_wconf 93' lang='lat' dir='ltr'><strong>II</strong></span> <span class='ocrx_word' id='word_1_494' title='bbox 1200 2831 1277 2872; x_wconf 88' lang='grc'>102,</span> <span class='ocrx_word' id='word_1_495' title='bbox 1301 2830 1334 2866; x_wconf 92' lang='grc'><strong>8.</strong></span> 
     </span>
    </p>

    <p class='ocr_par' dir='ltr' id='par_1_34' title="bbox 1091 2886 1850 2930">
     <span class='ocr_line' id='line_1_87' title="bbox 1091 2886 1850 2930; baseline -0.003 -5"><span class='ocrx_word' id='word_1_496' title='bbox 1091 2889 1188 2925; x_wconf 87' lang='lat' dir='ltr'><strong>Iesus</strong></span> <span class='ocrx_word' id='word_1_497' title='bbox 1202 2889 1315 2924; x_wconf 84' lang='lat' dir='ltr'><strong>latine</strong></span> <span class='ocrx_word' id='word_1_498' title='bbox 1329 2887 1488 2924; x_wconf 77' lang='lat' dir='ltr'><strong>saluatur</strong></span> <span class='ocrx_word' id='word_1_499' title='bbox 1502 2891 1557 2924; x_wconf 79' lang='lat' dir='ltr'><strong>est</strong></span> <span class='ocrx_word' id='word_1_500' title='bbox 1573 2887 1590 2923; x_wconf 94' lang='lat'>1</span> <span class='ocrx_word' id='word_1_501' title='bbox 1606 2887 1683 2930; x_wconf 89' lang='lat'>118,</span> <span class='ocrx_word' id='word_1_502' title='bbox 1699 2887 1754 2923; x_wconf 83' lang='lat'><strong>21.</strong></span> <span class='ocrx_word' id='word_1_503' title='bbox 1772 2886 1850 2929; x_wconf 85' lang='lat'>134,</span> 
     </span>
    </p>
   </div>
   <div class='ocr_carea' id='block_1_9' title="bbox 1936 0 2020 3204">
    <p class='ocr_par' dir='ltr' id='par_1_35' title="bbox 1936 0 2020 3204">
     <span class='ocr_line' id='line_1_88' title="bbox 1936 0 2020 3204; baseline 0 0"><span class='ocrx_word' id='word_1_504' title='bbox 1936 0 2020 3204; x_wconf 95' lang='lat' dir='ltr'><strong> </strong></span> 
     </span>
    </p>
   </div>
  </div>
 </body>
</html>
