2028 3204
166 951 205 980 10

159 1291 197 1321 16

155 1620 197 1650 20

153 1949 194 1979 25

829 221 919 258 liber
950 222 986 258 11
1014 223 1046 265 1,
1081 224 1177 265 1-2‚
1210 224 1230 258 2
1737 216 1809 259 461

232 348 360 391 etiam
383 347 460 404 ipsi
483 348 659 391 heresim
680 347 779 391 noui
802 349 949 392 erroris
972 348 1188 393 inducunt.
1212 362 1346 405 neque
1362 350 1471 393 enim
1491 351 1589 407 quia
1605 351 1812 394 Maniche-

236 426 353 456 orum
376 414 521 456 morbo
545 427 628 456 non
653 414 859 465 laborant,
884 418 1104 470 propterea
1138 415 1234 458 fidei
1263 429 1388 458 sanae
1423 423 1530 460 sunt.
1566 431 1648 459 non
1681 431 1811 461 unum

231 484 295 522 est
315 479 576 535 pestilentiae
596 492 724 536 genus
745 480 1099 536 quemadmodum
1130 481 1170 522 in
1192 481 1432 536 corporibus
1455 482 1515 524 ita
1535 488 1578 525 et
1599 483 1639 525 in
1661 484 1809 526 menti-

231 545 322 588 bus.
342 544 448 588 sicut
465 558 559 600 ergo
575 545 759 588 medicus
775 546 956 602 corporis
973 559 1052 588 non
1071 547 1269 589 continuo
1287 548 1598 602 pronuntiasset
1617 563 1643 591 a
1663 550 1810 593 mortis

231 610 411 667 periculo
441 611 629 663 liberum,
659 624 783 667 quem
810 616 1000 667 negasset
1028 611 1313 667 hydropicum,
1355 613 1386 655 si
1416 613 1495 656 alio
1526 614 1637 657 letali
1666 616 1810 658 morbo

229 676 505 732 perspexisset
535 682 764 732 aegrotum,
797 677 858 720 ita
887 678 977 721 istis
1006 690 1086 719 non
1120 678 1210 721 ideo
1242 679 1395 721 ueritas
1425 681 1671 734 gratulatur,
1711 681 1810 736 quia

230 742 436 785 Manichei
475 756 555 785 non
593 748 705 794 sunt,
745 743 777 786 si
815 743 896 786 alio
934 756 1080 800 genere
1118 744 1403 799 peruersitatis
1442 745 1667 788 insaniunt.
1708 760 1809 802 qua-

231 813 400 864 propter
428 808 541 851 aliud
575 814 638 851 est
667 809 778 864 quod
807 809 1126 852 anathemamus
1155 823 1248 852 cum
1280 810 1349 861 eis,
1380 810 1493 853 aliud
1526 812 1636 867 quod
1671 813 1710 854 in
1741 813 1809 855 eis,

232 874 491 916 detestamur
508 875 618 917 enim
636 888 730 917 cum
751 874 821 927 eis,
836 875 947 931 quod
966 880 1076 918 recte
1095 875 1286 931 displicet
1305 876 1431 918 etiam
1452 877 1562 931 ipsis,
1577 877 1637 919 ita
1655 883 1809 929 tamen,

234 946 282 982 ut
301 940 558 982 detestemur
574 940 615 982 in
635 940 705 992 eis,
724 941 834 983 unde
853 946 963 984 recte
981 941 1200 997 displicent
1218 942 1308 997 ipsi.

338 1018 393 1060 ΙΙ.
423 1018 460 1060 2.
490 1017 695 1060 Manichei
723 1018 868 1061 dieunt
896 1019 1019 1061 deum
1047 1019 1202 1061 bonum
1230 1033 1310 1061 non
1350 1020 1535 1062 omnium
1564 1026 1808 1063 naturarum

228 1096 315 1125 esse
335 1087 578 1135 creatorem,
599 1084 813 1139 Pelagiani
833 1084 978 1127 dicunt
997 1085 1121 1127 deum
1141 1098 1222 1127 non
1243 1098 1330 1128 esse
1351 1086 1535 1128 omnium
1557 1092 1745 1129 aetatum
1767 1087 1806 1128 in

228 1148 466 1191 hominibus
489 1149 798 1201 mundatorem,
829 1150 1097 1202 saluatorem,
1128 1151 1406 1194 liberatorem.
1439 1152 1645 1194 catholica
1674 1158 1808 1195 utros-

230 1228 309 1271 que
341 1214 553 1270 redarguit
585 1220 628 1257 et
659 1221 805 1258 contra
836 1216 1075 1259 Manicheos
1107 1217 1331 1259 defendens
1364 1217 1429 1260 dei
1478 1223 1723 1270 creaturam,
1759 1232 1808 1260 ne

227 1281 280 1322 ab
312 1280 381 1322 illo
412 1281 610 1323 instituta
638 1287 811 1337 negetur
841 1282 925 1324 ulla
953 1287 1118 1334 natura,
1150 1288 1192 1325 et
1223 1288 1369 1325 contra
1398 1284 1656 1340 Pelagianos,
1688 1289 1735 1327 ut
1766 1285 1807 1326 in

227 1346 421 1388 omnibus
459 1346 670 1389 aetatibus
706 1347 870 1402 perdita
906 1348 1142 1404 requiratur
1176 1349 1363 1391 humana
1398 1356 1561 1392 natura.
1602 1350 1806 1392 Manicbei

228 1412 363 1454 carnis
396 1413 775 1467 concupiscentiam
808 1427 889 1455 non
923 1419 1141 1470 tamquam
1174 1415 1364 1457 accidens
1398 1416 1563 1466 uitium,
1598 1417 1668 1457 sed
1701 1421 1807 1458 tam-

229 1491 353 1533 quam
388 1482 582 1520 naturam
617 1479 670 1520 ab
705 1479 954 1522 aeternitate
988 1480 1141 1522 malam
1175 1481 1434 1536 uituperant,
1470 1482 1682 1537 Pelagiani
1716 1495 1807 1523 eam

226 1548 443 1598 tamquam
469 1544 631 1587 nullum
656 1544 822 1596 uitium,
851 1545 921 1587 sed
945 1546 1135 1588 naturale
1161 1546 1216 1588 sit
1241 1546 1397 1589 bonum
1424 1547 1591 1602 insuper
1616 1547 1803 1589 laudant.

227 1609 435 1652 catholica
468 1614 666 1666 utrosque
702 1610 914 1666 redarguit
947 1611 1175 1654 Manicheis
1210 1612 1368 1654 dicens:
1407 1616 1500 1654 ‘non
1536 1619 1699 1664 natura,
1737 1614 1806 1654 sed

223 1674 375 1717 uitium
393 1676 484 1726 est‘,
498 1675 731 1731 Pelagianis
746 1676 903 1719 dicens:
927 1678 1021 1719 ‘non
1040 1691 1065 1719 a
1082 1683 1216 1733 patre,
1230 1678 1299 1720 sed
1311 1692 1361 1720 ex
1373 1679 1530 1720 mundo
1543 1682 1634 1730 est:
1649 1684 1696 1722 ut
1714 1693 1805 1721 eam

225 1741 342 1783 uelut
366 1741 521 1783 malam
544 1741 821 1784 ualitudinem
848 1743 984 1785 sanari
1011 1743 1178 1799 utrique
1204 1744 1468 1798 permittant,
1496 1745 1720 1786 desinendo
1748 1745 1802 1786 illi

223 1811 441 1862 tamquam
460 1807 734 1849 insanabilem
755 1808 932 1859 credere,
954 1809 1023 1851 isti
1042 1814 1260 1864 tamquam
1280 1809 1534 1851 laudabilem
1554 1810 1802 1864 praedicare.

224 1871 432 1915 Manichei
462 1877 618 1927 negant
639 1873 798 1915 homini
818 1873 927 1916 bono
948 1888 997 1916 ex
1018 1874 1145 1916 libero
1167 1874 1339 1917 arbitrio
1360 1874 1485 1917 fuisse
1506 1876 1673 1917 initium
1692 1876 1804 1925 mali,

225 1937 438 1993 Pelagiani
459 1938 605 1980 dicunt
623 1938 751 1980 etiam
771 1939 982 1981 hominem
1000 1939 1158 1981 malum
1178 1940 1437 1982 sufficienter
1456 1940 1609 1982 habere
1629 1941 1804 1982 liberum

223 2002 444 2044 arbitrium
478 2003 530 2044 ad
564 2002 806 2045 faciendum
841 2009 1111 2059 praeceptum
1145 2005 1314 2047 bonum.
1357 2006 1564 2047 catholiea
1603 2011 1803 2062 utrosque

226 2067 439 2123 redarguit
463 2074 505 2110 et
526 2068 607 2111 illis
630 2068 788 2111 dicens:
831 2069 993 2112 fecit
1028 2070 1174 2112 deus
1208 2071 1511 2113 hominem
1551 2076 1802 2122 rectum,

225 2138 267 2176 et
318 2133 410 2177 istis
457 2134 616 2177 dicens:
681 2135 729 2176 si
781 2148 887 2177 uos
938 2135 1128 2178 filius
1182 2136 1594 2188 liberauerit‚
1663 2150 1805 2179 uere

323 2270 361 2304 11
383 2269 426 2305 ci.
445 2269 498 2305 De
517 2274 645 2305 natura
663 2269 747 2306 boni
764 2272 802 2305 41
824 2270 956 2314 (CSEL
982 2270 1087 2307 XXV
1104 2272 1181 2314 874,
1211 2271 1264 2307 23.
1294 2273 1352 2315 24)
1454 2273 1491 2308 21
1514 2271 1558 2309 ef.
1582 2274 1595 2307 I
1616 2273 1687 2307 Iob.
1709 2273 1739 2312 22,
1761 2275 1800 2307 1ss

220 2329 262 2364 27
291 2327 404 2365 Eccle.
433 2331 464 2371 7,
491 2330 534 2365 30
609 2330 795 2371 281011.8‚
813 2331 858 2366 36

323 2419 339 2452 1
360 2419 458 2462 noui]
474 2419 614 2457 nobisO
699 2419 913 2456 inducantV
1001 2421 1022 2455 3
1039 2420 1264 2466 pestilentiae
1281 2428 1333 2457 est
1347 2421 1485 2458 DEde
1561 2425 1579 2457 4
1598 2422 1802 2467 praenunti-

219 2480 314 2513 asset
323 2477 387 2514 EF
432 2479 453 2513 5
464 2477 654 2515 liberatum
663 2479 727 2516 OB
774 2479 981 2526 ydropicum
993 2480 1023 2515 V
1071 2480 1331 2528 si—aegrotum
1343 2481 1440 2516 omJ'
1490 2482 1511 2515 6
1523 2481 1757 2527 prospexisset
1769 2481 1799 2516 B

220 2538 239 2572 7
259 2540 536 2584 quoapropoero
631 2539 652 2574 8
667 2539 1013 2576 anathematizamus
1027 2539 1199 2577 BDEde
1283 2540 1318 2575 in
1336 2540 1398 2586 eis]
1417 2541 1492 2575 add·
1511 2540 1728 2576 detestamur
1736 2539 1800 2576 OB

220 2596 241 2632 9
251 2596 346 2632 enim
358 2596 510 2634 σηοω]
560 2598 603 2634 10
613 2597 834 2635 detestamur
843 2598 927 2635 le
975 2600 1015 2635 11
1029 2610 1102 2635 esse
1114 2602 1321 2636 naturarum
1336 2602 1367 2636 B
1409 2601 1449 2635 12
1463 2600 1527 2646 pel.
1541 2611 1622 2635 uero
1634 2600 1759 2635 dicunt
1768 2601 1799 2635 F

220 2656 263 2692 13
280 2656 547 2693 emundatorem
563 2658 629 2695 OB
762 2658 987 2695 liberatorem
1003 2660 1162 2696 om.0m1
1298 2661 1339 2695 15
1358 2660 1575 2696 institutato
1592 2660 1672 2695 inst.
1692 2669 1732 2694 ex
1747 2660 1799 2694 in·

219 2719 356 2752 structa
369 2718 456 2754 Bml
574 2718 618 2754 18
633 2722 762 2754 natura
776 2718 805 2753 V
907 2718 950 2755 20
967 2718 1195 2756 cattholicao
1211 2720 1275 2765 (sic
1291 2721 1443 2765 saepius)
1549 2719 1587 2754 21
1607 2731 1628 2754 a
1646 2718 1796 2755 om.Om1

221 2785 266 2811 ex
281 2776 433 2814 om.0m1
490 2777 534 2813 22
550 2777 794 2813 ualetudinem
809 2777 904 2815 BEF
958 2779 1001 2815 23
1015 2778 1248 2815 insanauilem
1257 2778 1342 2815 OmI
1393 2779 1435 2814 24
1452 2778 1559 2824 bono]
1569 2779 1645 2813 add-
1657 2789 1727 2813 non
1735 2780 1800 2815 OB

220 2834 262 2871 28
280 2835 381 2873 istic
439 2836 608 2873 liberauit
621 2838 652 2874 B
