2028 3204
308 212 388 253 500
674 221 712 253 V.
747 220 875 255 Contra
907 218 995 254 duas
1026 217 1194 264 epistulas
1226 217 1497 264 Pelagianorum

311 346 472 395 dicitur,
498 345 607 400 quod
635 350 731 386 ante
759 348 824 385 tot
850 356 980 385 annos
1005 342 1163 385 factum
1189 347 1252 385 est
1269 342 1324 385 ad
1350 342 1606 386 Abraham?‘
1632 343 1703 399 qui
1729 357 1780 386 ex
1805 344 1883 387 hoc

311 425 389 453 non
423 411 609 465 litigiose,
642 409 711 450 sed
743 408 923 450 studiose
953 412 1157 459 mouetur,
1180 407 1394 464 intellegat
1418 407 1613 464 primum,
1640 408 1740 464 quia
1768 409 1802 451 si
1830 422 1883 452 ex

311 476 513 518 anteriore
540 480 723 529 tempore
749 473 900 515 dicitur
923 478 1058 524 uetus,
1083 487 1135 515 ex
1158 472 1384 528 posteriore
1408 477 1550 516 autem
1573 487 1743 526 nouum,
1769 487 1883 517 reue-

314 542 485 583 lationes
517 553 655 581 eorum
686 539 998 581 considerantur
1027 538 1069 580 in
1098 538 1164 580 his
1192 538 1441 590 nominibus,
1471 552 1555 581 non
1584 539 1880 583 institutiones,

311 620 382 661 per
413 606 581 660 Moysen
615 604 767 660 quippe
799 604 1027 646 reuelatum
1060 608 1123 646 est
1154 608 1452 647 testamentum
1483 608 1618 656 uetus,
1650 618 1723 660 per
1760 618 1882 661 quem

313 672 375 712 lex
402 672 502 713 (lata
521 675 583 712 est
609 676 753 712 sancta
778 675 820 711 et
845 669 956 711 iusta
980 674 1024 711 et
1047 669 1170 720 bona,
1196 682 1270 724 per
1295 683 1420 725 quam
1445 669 1565 712 fieret
1589 683 1672 713 non
1697 670 1883 722 abolitio,

313 737 381 778 sed
416 736 594 790 cognitio
628 735 802 790 peccati,
838 748 920 789 qua
953 734 1296 777 conuincerentur
1331 735 1496 790 superbi
1530 748 1647 778 suam
1680 735 1885 779 iustitiam

312 802 496 843 uolentes
519 800 780 850 constituere,
805 800 921 855 quasi
945 799 1086 842 diuino
1109 800 1315 842 adiutorio
1332 813 1416 843 non
1437 805 1616 856 egentes,
1640 805 1682 843 et
1704 801 1762 844 rei
1783 801 1884 844 facti

312 867 473 909 litterae
494 866 758 921 confugerent
778 866 831 907 ad
853 865 1044 920 spiritum
1062 865 1218 921 gratiae
1237 879 1320 908 non
1340 879 1415 908 sua
1434 865 1597 909 iustitia
1615 866 1883 918 iustificandi‚

314 933 381 974 sed
409 932 486 982 dei,
514 933 589 974 hoc
615 936 677 973 est
702 944 805 986 quae
825 931 901 972 illis
929 935 1036 973 esset
1060 944 1111 973 ex
1137 931 1226 974 deo.
1268 945 1378 983 nam,
1405 931 1512 974 sicut
1536 931 1647 974 idem
1671 932 1883 988 apostolus

314 998 505 1052 loquitur,
582 1010 683 1052 per
756 997 946 1052 legem
1022 996 1308 1052 cognitio
1389 997 1650 1053 peccati,
1732 1010 1886 1039 nunc

312 1070 513 1105 autem
548 1063 676 1104 sine
716 1063 848 1117 lege
887 1061 1153 1104 iustitia
1191 1062 1284 1104 dei
1323 1062 1742 1105 manifestata
1780 1068 1885 1113 est,

314 1134 369 1169 te
388 1128 690 1170 stificata
715 1141 806 1183 per
830 1127 1019 1183 legem
1050 1132 1102 1169 et
1127 1128 1446 1183 prophetas.
1468 1128 1703 1184 lexquippe
1720 1128 1885 1183 eoipso‚

313 1194 421 1249 quod
454 1193 495 1235 in
527 1207 575 1235 ea
600 1206 720 1235 nemo
752 1192 1016 1244 iustificetur,
1049 1193 1334 1236 testimonium
1365 1194 1555 1249 perhibet
1585 1193 1770 1236 iustitiae
1802 1193 1886 1243 dei3

314 1259 469 1314 quod
498 1259 607 1301 enim
637 1259 687 1300 in
717 1259 848 1314 lege
877 1271 1045 1301 nemo
1074 1258 1490 1301 iustificatur
1519 1259 1677 1314 apud
1706 1259 1886 1309 deum,

314 1324 713 1366 manifestum
746 1330 841 1375 est,
882 1323 1008 1379 quia
1038 1323 1246 1366 iustus
1279 1337 1344 1366 ex
1367 1324 1495 1367 fide
1517 1324 1695 1367 uiuit.
1721 1324 1887 1380 sicergo

314 1403 407 1432 cuin
454 1390 518 1431 lex
563 1403 645 1431 non
686 1390 887 1432 iustificat
933 1389 1094 1445 inpium
1140 1390 1190 1432 de
1236 1389 1586 1445 praeuaricatione
1636 1389 1887 1440 conuictum,

314 1455 446 1497 mittit
465 1456 518 1497 ad
552 1455 848 1498 iustificantem
883 1455 1004 1498 deum
1027 1459 1153 1511 atque
1177 1454 1238 1497 ita
1261 1455 1445 1498 iustitiae
1470 1455 1535 1498 dei
1558 1455 1748 1511 perhibet
1771 1454 1889 1497 testi-

314 1521 515 1569 inonium:
540 1522 764 1576 prophetae
788 1534 885 1563 uero
910 1520 1195 1563 testimonium
1217 1521 1436 1576 perhibent
1459 1520 1643 1563 iustitiae
1676 1521 1741 1563 dei
1774 1533 1888 1576 prae-

315 1587 785 1638 nuntiandoChristum,
816 1586 915 1642 qui
944 1586 1156 1629 factus
1185 1591 1278 1628 est
1304 1586 1482 1629 nobis
1512 1586 1838 1641 sapientia
1864 1599 1889 1627 a

316 1652 420 1693 (leo
458 1656 509 1693 et
546 1652 812 1694 iustitia
849 1657 901 1694 et
938 1651 1395 1694 sanctificatio
1433 1656 1490 1694 et
1526 1650 1888 1707 redemptio,

316 1723 385 1767 ut,
417 1718 918 1772 quemadmodum
950 1717 1254 1772 scriptum
1285 1722 1390 1768 est,
1424 1717 1525 1772 qui
1555 1716 1889 1773 gloriatur,

318 1783 327 1823 i
346 1796 372 1824 n
399 1783 425 1824 d
443 1796 465 1824 o
483 1797 524 1824 m
543 1783 553 1823 i
572 1796 599 1824 11
618 1796 640 1824 o
667 1797 691 1838 g
707 1783 720 1825 l
738 1798 760 1825 o
779 1797 798 1824 r
814 1783 827 1825 i
844 1796 865 1825 e
882 1787 901 1825 t
916 1796 945 1825 u
961 1795 993 1825 r.
1021 1787 1110 1825 erat
1134 1787 1276 1825 autem
1302 1782 1464 1825 occulta
1487 1782 1570 1825 ista
1592 1782 1659 1824 lex
1674 1782 1727 1824 ab
1753 1781 1888 1832 initio,

317 1862 410 1890 cum
435 1848 621 1890 homines
650 1848 812 1904 iniquos
838 1852 990 1891 natura
1016 1848 1106 1904 ipsa
1132 1847 1395 1890 conuinceret
1422 1847 1510 1890 aliis
1537 1847 1750 1898 facientes,
1779 1847 1891 1902 quod

319 1913 394 1955 sibi
412 1913 500 1955 fieri
518 1914 757 1956 noluissent.
777 1913 975 1956 reuelatio
993 1918 1135 1956 autem
1154 1913 1253 1956 noui
1270 1913 1510 1956 testamenti
1530 1913 1573 1954 in
1594 1912 1755 1956 Christo
1777 1912 1890 1955 facta

312 1983 393 2029 est,
405 1993 498 2021 cum
516 1984 580 2021 est
596 1980 888 2022 manifestatus
906 1979 949 2021 in
966 1992 1106 2030 came3
1125 1979 1168 2020 in
1186 1992 1267 2034 quo
1285 1978 1479 2035 apparuit
1495 1978 1657 2021 iustitia
1674 1977 1753 2029 dei,
1766 1978 1809 2020 id
1826 1982 1890 2020 est

318 2058 421 2099 quae
448 2045 683 2088 hominibus
715 2059 765 2087 ex
796 2046 872 2087 deo
900 2049 975 2088 est.
1005 2045 1063 2087 sic
1087 2044 1197 2087 enim
1227 2044 1304 2087 ait:
1337 2057 1365 2086 n
1382 2058 1409 2087 u
1426 2057 1454 2086 n
1471 2058 1492 2087 c
1530 2057 1598 2086 au
1615 2048 1672 2086 te
1688 2056 1731 2085 m
1761 2043 1890 2086 sine

317 2110 849 2165 legeiustitiadei
878 2110 1293 2153 manifestata
1321 2114 1420 2152 est.
1440 2122 1532 2152 ecce
1553 2108 1891 2165 quacausaissud

318 2175 468 2217 dicitur
499 2180 619 2217 uetus
652 2180 963 2227 testamentum,
998 2175 1097 2231 quia
1127 2176 1275 2232 priore,
1307 2176 1386 2218 hoc
1416 2180 1558 2218 autem
1588 2187 1758 2226 nouum,
1792 2173 1891 2230 quia

319 2240 543 2295 posteriore
571 2246 756 2296 tempore
783 2242 1012 2284 reuelatum
1039 2245 1114 2284 est.
1145 2241 1292 2284 deinde
1321 2240 1420 2296 quia
1445 2244 1742 2283 testamentum
1768 2244 1889 2282 uetus

420 2382 441 2416 6
456 2382 499 2416 ci.
519 2383 621 2418 Rom.
642 2384 672 2423 7,
692 2383 733 2417 12
795 2384 812 2418 7
825 2383 868 2418 cf.
883 2384 984 2420 Rom.
1001 2385 1032 2426 7,
1043 2385 1074 2419 7.
1091 2384 1179 2425 10,3
1241 2383 1279 2418 11
1301 2382 1401 2417 Rom.
1419 2382 1452 2425 3,
1468 2382 1520 2418 20.
1540 2381 1580 2416 21
1645 2381 1686 2416 15
1703 2381 1781 2417 Gal.
1797 2382 1830 2423 3,
1848 2382 1886 2416 11

320 2441 362 2476 20
384 2441 397 2475 I
414 2442 491 2477 Cor.
512 2442 542 2483 1,
558 2442 655 2477 3031
722 2443 762 2477 27
781 2443 884 2479 Rom.
901 2444 934 2485 3,
952 2443 991 2477 21

202 2525 266 2568 des.
281 2525 311 2560 B
423 2525 442 2559 2
460 2524 544 2569 quia
560 2525 658 2559 om.V
750 2526 779 2560 si
795 2526 916 2562 om.Db
932 2536 1011 2561 cum
1023 2526 1045 2561 d
1142 2527 1163 2561 4
1179 2525 1389 2561 comunibus
1400 2525 1429 2560 C
1443 2524 1608 2560 omnibus
1617 2522 1680 2559 EF
1767 2523 1788 2558 6
1803 2523 1891 2559 data

322 2587 376 2620 est
390 2582 447 2619 lex
461 2582 567 2618 Ede
613 2594 717 2629 quem
728 2584 850 2620 OCEF
903 2587 922 2621 7
939 2584 1023 2631 quia
1033 2585 1066 2620 D
1116 2585 1138 2620 9
1151 2585 1289 2631 gratiae
1304 2584 1470 2630 spiritum
1481 2582 1621 2618 DEde
1675 2583 1717 2620 10
1732 2582 1769 2618 in
1784 2580 1892 2618 illiso

323 2643 483 2687 essentD
571 2642 677 2689 sicut]
694 2643 722 2678 si
738 2653 816 2678 cum
831 2644 863 2679 V
953 2647 991 2680 11
1010 2643 1137 2691 legem]
1152 2645 1228 2680 add.
1246 2643 1340 2680 enim
1354 2643 1384 2680 Ο
1454 2645 1494 2679 14
1515 2653 1585 2689 quo
1606 2635 1696 2678 codd.
1712 2644 1842 2687 praeter
1857 2639 1889 2676 V

322 2702 833 2739 testimonium—iustificatur
849 2704 948 2738 om.V
1003 2702 1227 2750 perhibe*t0
1278 2704 1321 2739 18
1332 2702 1557 2750 perhibentG
1600 2701 1851 2738 oentimonium
1863 2700 1893 2736 0

322 2762 365 2797 25
381 2762 577 2799 uoluissent
590 2761 673 2798 Om1
735 2762 777 2797 27
794 2762 858 2808 sic]
874 2763 931 2798 hic
942 2762 973 2797 E
989 2763 1071 2798 hinc
1081 2762 1134 2798 Fd
1194 2763 1237 2798 29
1253 2766 1510 2799 testamentum
1526 2759 1666 2798 uetuso
1725 2758 1894 2807 priore-0

322 2823 365 2858 30
386 2822 544 2858 uelatum
554 2821 637 2858 Oml
1557 2843 1562 2846 ·
1580 2827 1586 2834 ”
