2028 3204
232 231 316 275 400
667 242 724 278 IV.
761 241 812 278 De
844 246 973 278 natura
1003 245 1040 278 et
1070 242 1202 289 origine
1233 242 1372 278 animae

226 367 445 411 secundum
470 372 658 410 naturam
681 382 800 410 suam
824 381 1010 421 corporea
1033 371 1068 410 et
1091 368 1160 410 sui
1183 367 1359 421 corporis
1382 368 1534 411 smilis
1558 369 1806 424 moymique

228 434 454 486 conformis.
491 438 586 489 post
605 434 707 476 haec
727 434 925 490 incipiens
946 433 1059 490 loqui
1078 434 1128 476 de
1149 433 1317 488 spiritu:
1353 432 1458 484 haec,
1480 433 1629 490 inquis,
1652 434 1803 486 anima,

228 513 328 553 quae
350 512 400 541 ex
420 498 524 552 flatu
546 498 611 541 dei
631 499 785 542 haberet
808 500 1012 554 originem,
1035 499 1124 541 sine
1145 512 1267 543 semu
1288 500 1452 552 proprio
1475 503 1589 553 atque
1609 499 1807 543 intellectu

229 565 372 606 intimo
392 578 474 607 esse
492 578 574 607 non
593 566 733 618 potuit,
755 565 858 619 quod
877 569 932 608 est
949 565 1132 618 spiritus.
1169 564 1276 607 sicut
1296 578 1391 620 ergo
1412 565 1547 616 uideo,
1569 565 1806 609 interiorem

228 630 439 674 hominem
473 631 535 673 uis
569 644 655 673 esse
688 631 886 681 animam,
922 631 1117 673 intimum
1150 630 1356 685 spiritum,
1391 634 1610 686 tamquam
1643 635 1686 674 et
1718 631 1805 687 ipse
1832 642 1850 671 5

230 696 401 738 interior
432 696 485 739 sit
518 695 682 740 animae
715 697 822 740 sicut
855 697 924 739 illa
957 697 1129 753 corpori.
1179 695 1239 740 ita
1272 696 1335 747 fit,
1370 702 1418 739 ut
1452 697 1806 751 quemadmodum

230 775 377 818 eorpus
400 775 473 817 per
493 761 689 806 interiora
712 776 816 806 caua
838 776 913 805 sua
935 763 1080 818 recipit
1101 763 1214 805 aliud
1237 776 1398 818 corpus,
1423 763 1534 816 quod
1557 768 1621 806 est
1651 763 1803 810 anima.

230 829 337 871 sicut
362 834 500 883 putas,
526 829 583 871 sic
608 834 649 871 et
674 829 814 872 anima
839 829 1043 871 credenda
1068 829 1122 871 sit
1146 829 1297 871 habere
1322 828 1519 872 interiora
1544 828 1696 879 inania,
1723 841 1805 885 qua

229 907 377 950 corpus
411 894 583 936 tertium
615 895 814 950 receperit
846 894 1051 950 spiritum,
1085 899 1213 950 atque
1246 895 1306 937 ita
1338 899 1454 937 totus
1486 895 1610 937 homo
1643 898 1807 938 constet

231 973 283 1002 ex
323 959 476 1002 tribus:
519 960 733 1010 exteriore,
777 960 981 1011 interiore,
1026 960 1185 1004 intimo.
1244 960 1356 1003 itane
1398 961 1584 1003 nondum
1626 959 1804 1015 respicis,
1836 969 1876 999 ιο

232 1031 392 1081 quanta
422 1030 463 1067 te
493 1026 790 1070 absurdissima
819 1031 1139 1083 consequantur,
1171 1040 1266 1069 cum
1294 1025 1480 1069 animam
1510 1026 1669 1069 conaris
1699 1038 1808 1069 asse-

231 1105 373 1134 uerare
408 1092 679 1146 corpoream?
727 1093 876 1136 deinde
909 1092 985 1135 dic·
1007 1092 1128 1134 mihi:
1164 1091 1254 1148 quis
1288 1105 1430 1134 eorum
1463 1091 1735 1135 renouabitur
1766 1091 1807 1134 in

231 1157 441 1212 agnitione
471 1157 537 1200 dei
567 1159 795 1201 secundum
825 1158 1047 1214 imaginem
1077 1157 1162 1201 eius
1194 1158 1263 1214 qui
1295 1157 1451 1201 crea-uit
1481 1158 1607 1201 eum?
1638 1157 1809 1199 interior

231 1236 286 1264 an
319 1222 522 1266 intimus?
572 1225 785 1279 apostolus
820 1223 987 1279 quidem
1021 1230 1185 1279 praeter
1217 1224 1454 1266 interiorem
1487 1229 1529 1266 et
1561 1223 1806 1267 exteriorem

232 1301 316 1330 non
353 1289 474 1332 uideo
514 1291 624 1344 quod
662 1290 767 1333 sciat
804 1289 931 1333 alium
968 1289 1172 1332 interioris
1210 1289 1460 1338 interiorem,
1498 1289 1539 1332 id
1578 1293 1641 1332 est
1677 1288 1807 1332 totius
1837 1298 1876 1327 15

231 1354 410 1397 hominis
431 1354 638 1398 intimum.
676 1357 746 1398 sed
768 1356 869 1412 elige
890 1368 1014 1411 quem
1034 1355 1225 1402 uolueris,
1247 1355 1318 1411 qui
1338 1360 1562 1398 renouetur
1580 1355 1807 1398 secundum

233 1420 455 1476 imaginem
487 1422 565 1470 dei,
601 1422 809 1477 quomodo
842 1423 949 1464 hanc
982 1421 1163 1477 recipiet,
1198 1421 1268 1477 qui
1301 1422 1384 1464 iam
1415 1421 1565 1463 sumsit
1596 1420 1808 1463 exterioris

233 1487 487 1543 imaginem?
540 1487 573 1529 si
612 1487 721 1529 enim
759 1501 832 1544 per
867 1487 1055 1530 membra
1092 1487 1305 1530 exterioris
1343 1487 1525 1529 cucurrit
1562 1486 1732 1529 interior
1767 1491 1809 1528 et

231 1552 388 1609 gelauit
422 1577 475 1582 —-
506 1554 584 1595 hoc
618 1554 728 1596 enim
762 1553 889 1596 etiam
924 1553 1050 1596 uerbo
1085 1566 1182 1596 usus
1217 1567 1271 1604 es,
1308 1558 1527 1608 tamquam
1561 1553 1808 1608 figmentum

234 1618 352 1661 fusile
371 1618 489 1661 fieret
508 1632 559 1660 ex
577 1618 710 1662 forma
733 1619 859 1667 lutea,
886 1632 992 1675 quae
1015 1619 1066 1661 de
1091 1619 1258 1674 puluere
1284 1619 1397 1662 facta
1420 1623 1483 1661 est
1506 1642 1572 1670 —,
1598 1617 1806 1674 quomodo
1835 1628 1878 1657 20

232 1685 378 1727 eadem
396 1689 591 1727 manente
610 1685 756 1735 forma,
778 1698 882 1741 quae
902 1684 1087 1739 inpressa
1104 1684 1161 1726 illi
1179 1690 1242 1727 est
1260 1685 1326 1727 uel
1344 1697 1538 1740 expressa
1555 1683 1606 1726 de
1625 1696 1807 1740 corpore,

233 1755 372 1806 potest
403 1750 616 1793 reformari
644 1752 697 1794 ad
729 1750 951 1806 imaginem
981 1749 1078 1793 dei?
1122 1762 1178 1792 an
1207 1751 1310 1794 duas
1340 1749 1513 1792 habebit
1543 1749 1754 1805 imagines,
1785 1763 1808 1791 a

233 1829 395 1859 summo
419 1816 586 1872 quidem
608 1816 687 1867 dei,
710 1816 763 1859 ab
787 1816 868 1859 imo
891 1821 1033 1859 autem
1055 1816 1249 1870 corporis,
1272 1815 1380 1859 sicut
1401 1815 1444 1857 in
1464 1827 1636 1858 nummo
1658 1815 1811 1857 dicitur

237 1882 377 1938 ‘caput
410 1887 452 1925 et
485 1881 655 1924 nauia‘?
705 1895 759 1925 an
793 1882 898 1925 forte
932 1882 1046 1927 dieis,
1083 1881 1194 1936 quod
1227 1882 1367 1924 anima.
1401 1880 1554 1936 ceperit
1588 1879 1809 1936 imaginem

235 1948 415 2004 corporis
448 1952 491 1990 et
522 1947 691 2003 spiritus
724 1947 864 2002 capiat
895 1947 1118 2004 imaginem
1149 1947 1229 1998 dei,
1262 1952 1482 2002 tamquam
1514 1946 1583 1988 illa
1615 1945 1810 2000 contigua
1838 1955 1878 1985 2³

236 2014 396 2070 corpori
424 2019 466 2056 et
494 2013 559 2056 ille
588 2014 642 2056 sit
669 2015 760 2064 deo,
791 2026 839 2055 ac
866 2013 924 2056 sic
951 2014 1005 2056 ad
1033 2013 1256 2068 imaginem
1284 2012 1351 2056 dei
1377 2014 1502 2056 homo
1531 2012 1596 2055 ille
1625 2011 1809 2061 intimus,

236 2093 319 2122 non
344 2080 421 2122 iste
448 2079 618 2122 interior
642 2079 919 2122 reformetur?
960 2079 1031 2122 sed
1059 2079 1213 2122 frustra
1236 2079 1315 2122 hoe
1340 2078 1454 2122 dicis.
1496 2090 1594 2120 nam
1619 2077 1653 2120 si
1678 2082 1721 2120 et
1745 2076 1810 2119 ille

173 2149 245 2162 ’ν
339 2176 358 2209 2
376 2174 474 2208 vinc.
495 2173 615 2209 victor
686 2175 729 2209 12
745 2173 787 2208 cf.
807 2173 876 2209 001.
896 2174 926 2216 3,
948 2174 989 2209 10
1069 2174 1110 2208 14
1128 2173 1169 2208 cf.
1191 2173 1290 2208 Rom.
1310 2175 1341 2215 7,
1360 2174 1412 2209 22.
1434 2172 1524 2217 Eph.
1541 2173 1573 2213 3,
1594 2172 1634 2206 16
1705 2170 1748 2205 24
1765 2169 1807 2205 ct.

172 2233 409 2287 Aacrobii
424 2233 601 2268 Saturnal.
623 2233 639 2267 I
656 2234 686 2274 7,
704 2233 748 2268 22

340 2300 355 2333 1
375 2309 578 2343 corpoream
591 2299 661 2333 HT
707 2298 844 2343 corpori
859 2298 1013 2333 similiH
1064 2297 1084 2333 2
1101 2297 1218 2334 anime
1229 2297 1299 2334 AB
1314 2297 1454 2333 animae
1466 2297 1494 2333 Ο
1542 2298 1564 2334 3
1576 2296 1703 2331 habere
1713 2293 1812 2330 GEH

238 2358 458 2394 inteUeetum
470 2359 503 2393 A
606 2358 627 2393 5
644 2358 822 2393 hominem
839 2358 935 2393 omo
1035 2357 1056 2392 6
1074 2361 1115 2393 ut
1131 2358 1232 2393 mn.D
1340 2359 1359 2393 7
1376 2357 1490 2392 intera
1502 2357 1535 2391 A
1626 2365 1782 2391 concaua
1792 2353 1811 2389 b

238 2429 326 2453 caua
351 2417 430 2464 sua]
455 2428 535 2453 casa
560 2428 623 2452 sua
638 2416 669 2450 B
692 2428 816 2452 cauare
830 2418 865 2452 H
993 2431 997 2436 ·
1018 2417 1149 2462 recepit
1159 2418 1212 2453 Ab
1227 2415 1321 2462 cepit
1335 2428 1360 2452 s.
1374 2417 1395 2453 l.
1409 2415 1504 2452 m1H
1625 2415 1646 2450 8
1671 2411 1810 2459 inania]

237 2477 397 2514 inanima
408 2476 456 2513 Ob
510 2476 593 2524 quia
606 2478 637 2512 A
655 2488 722 2523 que
734 2477 766 2512 Ε
781 2488 849 2523 quo
865 2478 895 2512 Τ
949 2477 970 2511 9
985 2476 1118 2522 ceperit
1130 2477 1162 2512 D
1178 2476 1388 2522 reciperetE
1403 2477 1473 2522 (ere
1490 2486 1515 2511 s.
1527 2475 1568 2519 l.)
1630 2476 1812 2510 constet—

238 2537 365 2573 intimo
383 2536 489 2572 om.H
543 2537 582 2572 10
602 2536 795 2581 respicesH
810 2537 835 2582 (i
852 2548 876 2572 s.
893 2537 952 2572 alt.
971 2539 1005 2582 e)
1057 2536 1364 2584 llquanutateH
1418 2532 1598 2572 canariso
1652 2533 1694 2569 13
1710 2532 1810 2579 agni·

239 2597 373 2633 tionem
383 2596 493 2632 13de
590 2595 685 2642 eum]
701 2595 799 2631 illurn
810 2595 852 2631 bd
934 2595 1087 2631 exterior
1101 2608 1148 2632 an
1162 2595 1309 2631 interior
1324 2606 1389 2642 sqq.
1406 2595 1436 2630 T
1527 2594 1570 2629 14
1585 2603 1632 2628 an
1648 2590 1812 2637 intimus]

239 2657 379 2692 animus
390 2655 509 2691 ABCI
573 2654 723 2701 praeter]
740 2655 836 2701 prius
851 2654 882 2688 B
897 2655 1107 2701 praeterito
1173 2658 1210 2691 et
1225 2654 1322 2690 oms]
1386 2654 1428 2690 15
1446 2652 1557 2700 tuE
1629 2651 1694 2688 hoc
1710 2652 1765 2687 est
1776 2650 1813 2686 H

242 2716 283 2751 16
299 2716 406 2752 elieA
453 2715 507 2751 uis
518 2715 553 2750 H
608 2716 648 2750 17
666 2713 814 2760 recipiat
825 2715 860 2750 Η
931 2715 972 2751 18
989 2714 1152 2750 interiore
1169 2713 1246 2759 (orn.
1265 2715 1316 2760 et)
1327 2714 1361 2750 A
1374 2712 1524 2757 interius
1536 2710 1558 2747 Ι
1573 2712 1628 2758 (or
1642 2722 1668 2747 ε.
1686 2719 1729 2755 113
1737 2710 1811 2756 ml)

242 2776 285 2811 19
299 2775 438 2823 gerauit
448 2776 536 2811 Dml
593 2785 675 2810 usus
685 2772 703 2821 Ι
713 2785 749 2810 es
761 2774 796 2809 H
849 2774 889 2809 21
909 2783 1000 2820 quae
1010 2774 1047 2809 H
1108 2774 1152 2810 22
1167 2774 1352 2810 absummo
1363 2772 1392 2809 G
1445 2771 1490 2808 24
1503 2769 1613 2808 nabin.
1622 2769 1660 2806 H
1672 2769 1782 2806 naiua
1792 2769 1812 2805 b

241 2833 595 2881 eoeperitABCHml
601 2834 618 2867 b
716 2833 759 2869 25
775 2832 827 2880 et]
842 2833 919 2870 add.
936 2834 967 2870 si
977 2833 1013 2868 H
1111 2832 1228 2880 capiet
1240 2833 1272 2869 T
1377 2834 1453 2868 tam
1464 2830 1501 2867 H
1575 2843 1578 2846 ⁴
1606 2829 1651 2866 26
1666 2840 1689 2865 a
1703 2828 1769 2866 deo
1779 2828 1812 2865 E

242 2895 283 2930 27
302 2892 484 2940 interiore!
494 2893 665 2928 formetur
676 2893 708 2928 A
791 2896 828 2928 et
843 2892 873 2928 si
888 2893 992 2928 homo
1009 2891 1065 2928 ille
1081 2892 1230 2928 intimus
1242 2891 1260 2927 b
