2028 3204
753 203 840 241 iiber
872 203 910 241 11
940 207 972 247 4,
1004 205 1104 247 8—5‚
1140 207 1180 241 ιο
1681 197 1760 241 469

176 328 241 373 dei
276 329 414 385 gratia
446 329 573 373 fuerit
604 330 780 374 liberata
815 335 857 373 et
891 330 947 373 ad
982 344 1103 374 omne
1140 332 1295 375 bonum
1331 332 1519 384 actioniS‚
1541 334 1752 382 sermonis,

176 394 437 452 cogitationis
464 396 622 439 adiuta.
652 396 857 440 neminem
884 396 960 439 nisi
988 397 1205 440 dominum
1231 399 1356 441 deum
1382 398 1558 442 dicimus
1585 412 1753 442 nascen-

175 460 282 504 tium
301 461 557 504 conditorem
575 475 649 505 nec
667 475 694 505 a
710 462 889 514 diabolo,
902 462 974 505 sed
990 463 1045 505 ab
1064 463 1153 518 ipso
1172 464 1342 519 nuptias
1362 464 1591 516 institutas,
1611 479 1753 509 omncs

174 531 314 570 tamen
348 527 425 570 sub
459 532 629 583 peccato
662 528 776 571 nasci
809 533 980 584 propter
1011 529 1247 585 propaginis
1280 529 1430 573 uitium
1465 536 1506 573 et
1541 531 1634 573 ideo
1669 545 1754 574 esse

174 591 252 636 sub
277 592 457 644 diabolo,
484 594 614 636 donec
641 599 909 637 renascantur
933 594 975 636 in
1001 595 1176 638 Christo.
1205 609 1279 639 nec
1305 596 1380 638 sub
1407 596 1572 639 nomine
1595 598 1754 651 gratiae

174 659 309 702 fatum
334 659 568 710 asserimus,
594 659 692 715 quia
716 659 836 703 nullis
861 660 1076 703 hominum
1102 661 1260 705 meritis
1286 662 1351 704 dei
1375 661 1552 716 gratiam
1578 663 1752 707 dicimus

173 724 375 768 antecedi.
406 725 438 768 si
465 731 607 768 autem
633 726 882 781 quibusdam
909 726 1207 782 omnipotentis
1234 727 1299 771 dei
1327 727 1589 771 uoluntatem
1616 729 1752 784 placet

172 790 250 833 fati
278 791 443 834 nomine
471 805 725 847 nuncupare,
756 792 950 848 profanas
980 793 1148 848 quidem
1178 794 1398 836 uerborum
1428 793 1637 836 nouitates
1667 794 1751 837 eui-

172 861 324 907 tamus,
353 857 423 899 sed
451 857 502 900 de
532 857 665 900 uerbis
694 858 942 901 contendere
970 872 1052 901 non
1081 872 1283 902 amamus.

280 923 341 965 10.
366 923 484 966 Vnde
505 928 646 966 autem
667 924 744 967 hoc
766 923 823 966 eis
845 924 979 967 uisum
1000 925 1125 967 fuerit
1147 925 1264 968 nobis
1286 925 1460 977 obicere,
1484 926 1595 980 quod
1616 926 1750 968 fatum

171 1001 401 1031 asseramus
427 989 503 1031 sub
530 989 695 1032 nomine
719 989 890 1045 gratiae,
909 1004 1003 1032 cum
1030 990 1246 1046 aliquanto
1272 991 1484 1034 adtentius
1512 991 1750 1047 cogitarem,

171 1053 284 1109 prius
312 1067 453 1097 eorum
480 1055 607 1097 uerba
634 1068 739 1110 quae
767 1061 1077 1112 consequuntur
1104 1057 1275 1112 inspexi.
1308 1057 1365 1099 sic
1391 1057 1501 1099 enim
1530 1058 1605 1099 hoe
1634 1058 1750 1100 nobis

169 1119 430 1163 obiciendum
457 1125 678 1176 putarunt:
711 1121 782 1163 suh
812 1124 987 1173 nornine,
1021 1123 1230 1178 inquiunt,
1260 1124 1411 1177 qratiae
1442 1124 1499 1164 ita
1529 1124 1655 1175 satum
1688 1137 1750 1165 as-

170 1190 318 1237 serunt,
346 1191 389 1228 ut
415 1187 563 1237 dicant,
585 1189 682 1240 quia
706 1188 792 1229 nisi
817 1189 912 1231 deus
938 1190 1069 1231 inuito
1096 1193 1130 1231 et
1154 1189 1365 1231 reluctanti
1391 1189 1545 1230 homini
1571 1190 1750 1242 inspira-

125 1283 130 1290 .
168 1252 271 1294 uerit
294 1251 387 1294 boni
415 1257 449 1294 et
477 1254 610 1307 ipsius
638 1253 848 1308 inperfecti
875 1255 1146 1308 cupiditatem,
1175 1268 1246 1297 nec
1273 1269 1298 1297 a
1324 1254 1428 1297 malo
1456 1255 1653 1297 declinare
1681 1268 1751 1297 nec

167 1317 314 1360 bonurn
335 1319 461 1372 possit
489 1320 677 1374 arripere.
709 1319 856 1362 deinde
885 1320 1100 1376 aliquanto
1130 1326 1238 1375 post,
1267 1321 1339 1363 ubi
1369 1320 1444 1375 ipsi
1476 1334 1580 1376 quae
1609 1320 1748 1363 defen-

171 1384 274 1426 dant
291 1384 632 1437 commemorant,
646 1385 748 1440 quid
760 1386 810 1428 de
821 1386 897 1428 hac
913 1399 954 1428 re
970 1386 1023 1428 ab
1040 1386 1097 1428 eis
1113 1386 1318 1429 diceretur
1329 1386 1518 1429 adtendi:
1535 1387 1748 1441 baptisma,

171 1449 381 1504 inquiunt,
415 1450 600 1493 omnihus
638 1452 903 1494 necessarium
941 1466 1022 1495 esse
1059 1452 1253 1494 aetatibus
1292 1452 1540 1505 confitemur,
1578 1454 1749 1506 qratiam

166 1528 314 1569 quoque
371 1516 566 1559 adiuuare
615 1518 932 1572 uniuscuiusque
981 1518 1126 1560 bonum
1174 1519 1437 1572 propositum,
1486 1532 1567 1560 non
1617 1523 1748 1560 tamen

166 1580 377 1624 reluctanti
412 1582 589 1624 studium
617 1584 782 1625 uirtutis
811 1584 1021 1635 inmittere,
1052 1585 1148 1637 quia
1178 1598 1436 1639 personarum
1466 1585 1637 1638 acceptio
1668 1599 1749 1626 non

166 1650 221 1689 est
242 1647 353 1701 apud
373 1648 500 1691 deum.
527 1662 578 1690 ex
595 1648 658 1691 his
684 1662 824 1691 eorum
849 1650 986 1692 uerbis
1010 1650 1192 1692 intellexi
1218 1650 1271 1692 ob
1295 1651 1372 1693 hoc
1398 1650 1487 1693 illos
1513 1650 1578 1692 uel
1602 1656 1748 1705 puta-re.

166 1712 232 1755 uel
249 1713 388 1768 putari
407 1714 510 1756 uelle
529 1714 665 1757 fatum
682 1728 757 1757 nos
775 1728 953 1758 asserere
972 1716 1048 1758 sub
1067 1716 1231 1759 nomine
1248 1716 1419 1771 gratiae,
1456 1716 1554 1771 quia
1571 1716 1747 1771 gratiam

167 1778 233 1821 dei
256 1792 338 1821 non
364 1780 590 1822 secundum
613 1780 763 1823 merita
784 1787 927 1824 nostra
949 1781 1123 1825 dicimus
1148 1782 1250 1832 dari,
1282 1782 1352 1824 sed
1378 1782 1603 1825 secundum
1621 1782 1746 1837 ipsius

166 1844 588 1888 misericordissimam
634 1846 912 1898 uoluntatem,
953 1847 1022 1902 qui
1070 1847 1195 1890 dixit:
1246 1847 1351 1889 mis
1369 1862 1390 1890 e
1408 1861 1464 1889 re
1484 1848 1509 1889 b
1528 1862 1550 1887 0
1568 1860 1600 1897 r,
1649 1862 1670 1889 c
1689 1846 1741 1890 ui

167 1909 463 1953 misertus
497 1925 610 1962 ero,
635 1915 686 1953 et
721 1912 1223 1955 misericordiam
1257 1913 1613 1968 praestabo,
1649 1912 1742 1954 cui

166 1975 236 2018 mi
255 1990 273 2018 s
290 1990 311 2018 e
329 1975 416 2018 ric
434 1990 457 2018 o
476 1989 495 2017 r
512 1991 529 2018 s
551 1977 611 2019 fu
629 1991 650 2019 e
668 1990 686 2018 r
703 1991 738 2019 0.
765 1977 835 2019 ubi
854 1983 1154 2033 consequenter
1171 1978 1416 2020 adiunctum
1439 1984 1519 2020 est:
1546 1978 1598 2034 ig
1616 1977 1628 2018 i
1647 1984 1662 2019 t
1684 1992 1708 2020 u
1729 1991 1746 2018 r

164 2054 278 2083 non
316 2041 598 2084 uolentis
638 2056 830 2097 neque
869 2043 1204 2094 currentis,
1242 2044 1341 2086 sed
1381 2043 1744 2085 miserentis

166 2112 259 2149 est
296 2107 404 2150 dei.
444 2114 581 2162 posset
613 2107 739 2151 etiam
778 2108 872 2151 hinc
910 2108 1113 2164 quispiam
1151 2108 1341 2151 similiter
1379 2109 1530 2152 stultus
1569 2108 1645 2150 fati
1683 2122 1744 2150 as-

167 2177 363 2216 sertorem
380 2173 615 2228 apostolum
633 2179 779 2229 putare
794 2174 860 2216 uel
876 2173 1021 2217 dicere.
1040 2188 1183 2218 uerum
1201 2174 1265 2217 hic
1282 2188 1323 2217 se
1339 2174 1405 2216 isti
1424 2175 1523 2216 satis
1536 2174 1741 2230 aperiunt.

267 2316 288 2350 8
304 2315 347 2350 cf.
368 2314 384 2350 I
402 2314 491 2350 Tim.
505 2315 536 2356 6,
558 2316 600 2351 20
680 2316 730 2350 13.
754 2316 793 2350 17
814 2314 971 2351 Iulianus
1068 2316 1110 2351 20
1129 2315 1172 2350 cf.
1195 2314 1266 2350 Col.
1284 2315 1317 2357 3,
1336 2315 1378 2349 25
1470 2315 1512 2351 24
1533 2315 1632 2350 Rom.
1652 2314 1684 2355 9,
1705 2315 1744 2348 15

166 2374 207 2410 26
225 2374 326 2410 Rom.
347 2374 379 2416 9,
399 2375 442 2410 16

235 2458 257 2491 3
272 2455 334 2503 ab]
349 2456 439 2493 adeo
451 2458 514 2494 EF
564 2459 585 2493 4
601 2457 718 2494 nascit
728 2457 759 2492 B
810 2458 832 2493 5
850 2462 1081 2494 renascuntur
1091 2459 1185 2495 CEF
1234 2459 1256 2493 6
1274 2459 1445 2495 faotfiOB
1495 2457 1700 2492 adseramus
1711 2456 1741 2490 Γ

164 2518 183 2551 ’ἲ
202 2516 406 2561 placeo-W
469 2518 491 2553 8
507 2517 709 2564 prophanas
723 2517 784 2554 BG
852 2517 1009 2554 uitamus
1021 2520 1054 2555 D
1123 2518 1164 2554 10
1183 2518 1392 2554 ἱεοῒιιωθΒ
1455 2520 1491 2552 11
1513 2516 1700 2552 asserimus
1712 2518 1744 2552 D

164 2575 258 2622 cum]
277 2587 429 2622 quacum
451 2576 505 2611 Vb
580 2578 623 2614 12
639 2580 873 2614 consecuntur
892 2576 957 2614 DV
1036 2578 1079 2613 13
1095 2577 1237 2613 homine
1262 2579 1292 2614 B
1372 2578 1508 2612 tantum
1527 2579 1556 2612 Ο
1619 2577 1658 2611 14
1675 2575 1742 2610 nisi

163 2634 286 2681 quiaO
362 2636 446 2682 quia
462 2648 526 2672 om.
540 2636 571 2671 B
658 2636 708 2683 et]
726 2637 835 2673 etiam
849 2637 912 2673 EF
988 2637 1030 2672 16
1047 2641 1166 2684 posset
1179 2637 1206 2672 V
1297 2638 1336 2672 17
1355 2648 1390 2673 re
1408 2638 1505 2671 oms
1575 2636 1615 2671 20
1634 2634 1743 2670 reluc-

168 2694 315 2732 tanti-O
382 2696 424 2732 21
444 2700 569 2743 putare
586 2696 644 2732 uel
659 2697 762 2733 om.B
835 2697 880 2733 22
895 2695 999 2742 uelle]
1016 2697 1074 2733 uel
1087 2698 1148 2734 BC
1222 2696 1320 2742 quiO
1395 2692 1532 2731 23'dari
1548 2694 1699 2730 dicimus
1711 2696 1743 2731 D

162 2753 314 2791 dicimus
339 2754 418 2792 dari
443 2757 548 2794 οπο
656 2758 698 2793 24
722 2758 796 2803 post
810 2756 1033 2793 uoluntatem
1049 2758 1203 2802 sequitur
1218 2758 1257 2792 in
1275 2759 1307 2793 D
1323 2768 1398 2801 paq.
1419 2755 1497 2797 477,
1517 2754 1558 2789 13
1583 2756 1743 2789 maneret

163 2813 207 2851 29
223 2814 312 2850 uelle
325 2816 357 2852 B
415 2815 496 2852 istis
509 2816 687 2859 amm*
1694 2823 1698 2829 '
