2028 3204
727 206 816 244 liber
847 207 904 243 111
932 208 965 250 9,
1001 209 1143 251 ιε-ιι,
1178 208 1219 245 15
1683 200 1762 242 371

192 334 420 387 ‘raptus
453 338 550 385 est,
583 346 648 376 ne
680 333 928 376 malitia
960 338 1139 376 mutet
1175 334 1361 377 illius
1388 335 1771 379 intellectum

189 403 290 441 aut
317 412 382 441 ne
407 398 593 452 fictio
620 399 898 454 decipiat
925 400 1178 442 animam
1208 401 1350 443 eius.
1397 406 1645 455 propter
1672 402 1772 444 Ιιοο

189 465 555 518 properauit
584 464 646 507 de
675 465 862 508 medio
893 465 1271 519 iniquitatis
1303 466 1475 508 illum
1508 467 1773 521 educere,-

190 529 430 584 placita
470 531 622 572 enim
663 535 789 573 erat
829 530 928 573 cleo
969 532 1168 573 aviima
1209 533 1352 581 eius,
1397 538 1456 574 et:
1516 546 1769 575 consum-

190 599 380 638 matus
415 596 475 638 in
509 596 681 639 breui
712 596 985 650 repleuit
1019 600 1283 651 tempora
1319 597 1521 652 lonqa‘,
1550 598 1582 640 si
1603 599 1663 640 uis
1682 613 1768 641 esse

189 661 429 704 catholicus.
465 661 542 704 hoc
559 662 669 704 enim
687 663 740 705 ad
758 661 848 705 illos
866 662 1034 705 omnino
1053 676 1135 705 nou
1154 663 1347 718 pertinet,
1366 664 1437 705 sed
1457 664 1507 706 ad
1529 676 1596 706 eos
1616 665 1766 719 potum,

188 727 259 782 qui
286 726 489 782 baptizati
516 732 556 769 et
583 728 649 783 pie
676 728 866 771 uiuentes
890 728 961 771 diu
988 742 1071 770 non
1098 729 1401 783 permittuntur
1427 729 1491 771 hic
1520 730 1658 772 uiuere
1685 744 1765 772 non

188 792 319 840 annis,
338 793 409 835 sed
427 793 656 848 sapientiae
673 793 809 849 gratia
826 794 1116 836 consummati.
1138 795 1215 836 iste
1236 808 1332 837 uero
1351 807 1473 841 error.
1488 809 1570 850 quo
1590 800 1768 850 putatur

188 858 264 900 hoe
298 859 349 900 de
383 858 568 914 paruulis
601 864 828 915 antequam
864 859 1132 915 baptizentur
1164 860 1438 902 morientibus
1471 874 1557 902 esse
1591 861 1764 911 dictum,

188 923 265 979 ipsi
296 930 559 966 sacrosancto
589 924 755 968 lauacro
786 925 1087 968 intolerabilem
1119 925 1219 968 facit
1250 926 1456 976 iniuriam,
1489 926 1521 968 si
1554 926 1764 981 paruulus,

187 989 258 1044 qui
294 989 532 1045 baptizatus
566 990 656 1045 rapi
691 996 869 1046 poterat,
907 997 1125 1046 propterea
1161 992 1273 1046 prius
1309 992 1481 1047 rapitur,
1520 1006 1569 1034 ne
1605 992 1765 1035 malitia

186 1060 322 1098 mutet
349 1054 456 1098 illius
483 1055 740 1099 intellectum
769 1067 843 1099 aut
871 1070 921 1098 ne
950 1056 1064 1099 fictio
1092 1057 1272 1112 decipiat
1301 1058 1483 1099 animam
1512 1058 1616 1103 eius:
1647 1059 1762 1113 quasi

186 1120 226 1162 in
251 1121 394 1163 eodem
413 1120 622 1176 baptiSmo
640 1122 741 1165 haec
765 1135 850 1164 esse
874 1122 1035 1165 malitia
1058 1123 1252 1165 credatur
1274 1129 1314 1164 et
1340 1123 1454 1165 fictio
1479 1136 1560 1178 qua
1586 1124 1624 1165 in
1650 1124 1764 1178 peius

186 1192 373 1229 mutetur
391 1192 432 1229 et
451 1186 695 1243 decipiatur,
715 1188 750 1230 si
770 1201 851 1230 non
871 1194 969 1230 ante
989 1188 1186 1243 rapiatur.
1224 1189 1372 1230 deinde
1393 1189 1589 1244 quoniam
1611 1189 1763 1244 placita

186 1258 274 1294 erat
298 1252 374 1294 deo
398 1253 537 1296 anima
561 1253 660 1303 eius,
685 1254 925 1309 properauit
947 1254 999 1295 de
1022 1254 1157 1296 medio
1181 1254 1414 1310 iniquitatis
1439 1254 1554 1297 illum
1578 1255 1762 1303 educere,

186 1317 245 1360 ita
280 1322 326 1360 ut
360 1332 434 1361 nee
468 1318 684 1374 paululum
719 1325 1007 1370 remoraretur,
1045 1325 1091 1362 ut
1126 1320 1235 1375 quod
1272 1320 1313 1361 in
1349 1334 1395 1361 eo
1431 1321 1762 1375 praedestinarat

187 1382 373 1438 inpleret,
409 1385 479 1426 sed
515 1390 659 1427 contra
695 1398 812 1427 suam
848 1385 1269 1440 praedestinationem
1306 1385 1439 1427 facere
1474 1385 1621 1428 maluit
1656 1393 1764 1428 tarn-

186 1462 312 1503 quam
339 1449 553 1500 festinans,
581 1464 631 1492 ne
657 1451 768 1505 quod
795 1450 830 1492 ei
857 1450 1069 1506 placuerat
1096 1451 1136 1492 in
1164 1464 1245 1493 non
1273 1451 1488 1506 baptizato
1515 1452 1763 1494 extermina-

186 1520 300 1557 retur
323 1515 364 1557 in
392 1515 614 1571 baptismO,
641 1522 862 1572 tamquam
886 1516 1112 1559 moriturus
1138 1516 1274 1559 infans
1300 1516 1356 1558 ibi
1382 1522 1538 1572 pereat,
1566 1531 1647 1572 quo
1674 1531 1763 1559 cur-

186 1580 359 1623 rendum
381 1587 442 1623 est
462 1595 556 1624 cum
578 1581 645 1623 illo
667 1595 716 1623 ne
736 1587 890 1637 pereat.
929 1582 1020 1637 quis
1041 1595 1134 1637 ergo
1155 1582 1255 1624 haec
1277 1582 1404 1625 uerba
1423 1583 1577 1637 scripta
1598 1583 1637 1624 in
1660 1583 1762 1625 libro

188 1645 424 1701 Sapientiae
445 1647 496 1689 de
518 1647 702 1703 paruulis
723 1647 810 1689 sine
833 1647 1086 1703 baptismate
1108 1648 1282 1690 mortuis
1305 1648 1419 1691 dicta
1448 1661 1534 1690 esse
1565 1649 1760 1694 crederet.

185 1711 353 1762 diceret,
380 1712 591 1763 scriberet,
620 1713 825 1763 recitaret,
854 1713 887 1755 si
915 1727 975 1763 ea,
1003 1713 1110 1756 sicut
1139 1719 1394 1769 oportuerat,
1423 1714 1654 1767 cogitaret?

290 1777 368 1820 XI.
394 1778 453 1820 15.
476 1777 570 1820 Noli
595 1779 758 1821 credere
776 1793 849 1821 nec
870 1779 1003 1821 dicere
1026 1793 1100 1821 nec
1125 1779 1271 1821 docere
1299 1779 1471 1834 ‘aliquas
1497 1780 1761 1822 mansionum

185 1855 271 1884 esse
293 1847 411 1886 extra
433 1857 603 1900 regnum
627 1844 706 1895 dei,
730 1857 833 1899 quas
856 1858 942 1887 esse
963 1845 1156 1887 dominus
1178 1845 1285 1886 dixit
1308 1845 1347 1887 in
1371 1846 1496 1887 domo
1518 1846 1647 1900 patris
1669 1846 1759 1895 sui‘,

184 1908 218 1949 si
249 1908 310 1950 uis
341 1922 426 1951 esse
456 1909 696 1952 catholicus.
752 1923 835 1952 non
867 1910 976 1952 enim
1007 1910 1080 1960 ait,
1111 1910 1219 1952 sicut
1249 1910 1326 1952 hoc
1356 1911 1642 1953 testimonium
1676 1911 1761 1965 ipse

183 1974 377 2028 posuisti:
418 1975 565 2016 multae
588 1976 818 2017 mansiones
842 1979 935 2017 sum
960 1975 1071 2029 apud
1095 1979 1247 2028 patrem
1271 1989 1402 2017 meum
1427 2001 1480 2006 —
1504 1976 1615 2031 quod
1641 1976 1674 2017 si
1702 1976 1761 2018 ita

184 2038 368 2090 dixisset,
392 2053 473 2082 non
495 2039 593 2082 alibi
614 2045 749 2082 essent
770 2040 1069 2095 intellegendae
1090 2053 1217 2096 quam
1239 2041 1279 2083 iu
1301 2041 1425 2083 domo
1448 2041 1577 2096 patris
1599 2041 1685 2083 eius
1711 2066 1762 2071 —

183 2104 511 2160 sedapertcait:
554 2104 608 2148 in
642 2106 813 2147 domo
847 2105 1051 2161 patris
1085 2107 1195 2149 mei
1235 2105 1588 2149 mansiones
1627 2106 1759 2149 inul-

184 2173 246 2212 ta
261 2183 282 2212 e
330 2183 347 2212 s
367 2184 392 2212 u
409 2176 483 2214 nt.
544 2171 636 2227 quis
692 2171 835 2227 itaque
891 2172 1045 2215 audeat
1102 2172 1262 2228 aliquas
1311 2178 1450 2228 partes
1497 2173 1645 2215 domus
1695 2173 1760 2214 dei

279 2273 293 2306 l
325 2271 407 2318 sap.
434 2274 466 2314 4,
496 2273 547 2308 11.
577 2274 617 2308 14
725 2274 745 2307 4
771 2271 853 2317 Sap.
882 2274 912 2314 4,
944 2274 984 2308 13
1092 2274 1135 2310 23
1162 2273 1261 2309 Vino.
1282 2273 1416 2315 Victor;
1443 2273 1487 2309 cf.
1515 2284 1591 2320 pag.
1616 2274 1690 2314 348,
1715 2274 1755 2308 17

188 2329 230 2366 26
253 2329 354 2367 Vinc.
374 2330 497 2368 Victor
586 2333 631 2368 28
656 2331 729 2367 Ioh.
756 2334 808 2374 14,
836 2333 856 2367 2

278 2404 295 2438 1
324 2402 531 2439 mutaretH
546 2403 578 2449 (r
599 2402 805 2447 insert.),1T
895 2403 1116 2441 intellectum
1141 2404 1233 2440 illius
1252 2405 1294 2440 lb
1394 2405 1414 2440 2
1438 2408 1502 2440 aut
1528 2404 1585 2451 ne]
1610 2415 1712 2439 amne
1727 2404 1757 2438 B

186 2460 380 2508 decipietC'
398 2461 577 2508 deciperet
584 2462 637 2498 IT
719 2463 877 2499 animam
888 2464 930 2500 in
944 2475 1011 2511 mq.
1027 2465 1058 2500 E
1147 2464 1170 2500 5
1184 2464 1344 2511 expleuit
1356 2463 1473 2500 BCHI
1480 2465 1554 2500 de
1647 2466 1666 2500 7
1682 2475 1757 2509 per·

186 2520 370 2558 mittentes
381 2521 411 2556 C
481 2522 599 2558 uiuere
610 2522 710 2559 1ιίοΕ
780 2523 861 2559 huic
873 2522 905 2559 Β
982 2525 1004 2561 8
1019 2523 1196 2570 sapientia
1210 2528 1249 2561 et
1263 2525 1379 2571 gratia
1390 2525 1422 2560 E
1489 2527 1719 2560 consumatur
1730 2524 1761 2558 Α

186 2581 440 2618 consummatis
450 2582 483 2618 E
575 2582 618 2618 10
632 2582 788 2628 paruulis
802 2582 832 2618 C
923 2584 963 2620 14
980 2587 1144 2621 mutatur
1154 2584 1185 2620 Ε
1273 2583 1304 2620 si
1316 2588 1399 2620 ante
1413 2595 1482 2619 non
1493 2583 1530 2618 H
1622 2584 1662 2618 16
1679 2593 1756 2628 pre·

188 2639 422 2678 distinaratc
435 2641 716 2688 praedestinaret
725 2642 796 2678 HT
812 2642 1120 2689 praedestinauitb
1177 2644 1218 2681 19
1235 2644 1370 2691 pereat]
1385 2648 1461 2679 erat
1477 2643 1505 2678 C
1560 2642 1603 2677 20
1618 2653 1660 2676 ne
1674 2652 1755 2677 cum

187 2697 286 2736 illoc
344 2700 432 2748 quin
444 2701 477 2737 E
536 2702 577 2738 21
594 2712 668 2739 esse
682 2701 782 2739 dicta
795 2713 870 2739 esse
885 2703 914 2739 T
989 2703 1033 2739 22
1048 2703 1217 2740 scriberet
1233 2704 1330 2740 om.C
1389 2701 1638 2747 izi—cogitaret
1653 2700 1754 2737 omH

185 2760 432 2805 opor-mentm
478 2761 521 2798 m
535 2761 736 2798 mansiones
750 2762 944 2799 BCEIde
988 2763 1032 2800 24
1046 2774 1119 2800 esse
1134 2773 1234 2810 posse
1245 2763 1279 2799 D
1344 2762 1417 2809 dei]
1427 2772 1500 2797 esse
1515 2762 1545 2796 T
1589 2760 1754 2797 dominus

186 2827 252 2854 om.
264 2819 297 2855 E
358 2819 402 2857 25
414 2819 529 2866 agito
589 2820 643 2858 ait
657 2811 711 2858 ffis
723 2821 792 2858 ΕΗ
861 2822 905 2859 26
920 2822 973 2860 ita
986 2834 1050 2859 cm.
1063 2824 1096 2859 A
1164 2823 1206 2859 27
1222 2833 1296 2859 esse
1313 2832 1383 2857 non
1395 2821 1424 2856 C
1487 2821 1529 2857 28
1542 2819 1626 2867 mei]
1638 2819 1712 2856 eius
1728 2821 1759 2856 T

1618 2892 1682 2928 24·
