2028 3204
126 928 164 955 10

126 1256 162 1286 15

121 1585 164 1615 20

120 1913 160 1943 25

783 194 870 230 liber
899 194 915 230 I
949 196 1002 237 14,
1036 194 1167 230 17—19
1692 183 1773 226 319

194 335 300 374 eam,
364 322 533 378 quando
595 321 719 364 multi
781 320 904 363 simul
976 321 1190 363 eredentes
1256 319 1405 375 repleti
1465 326 1564 362 sunt
1625 320 1775 375 spiritu

195 394 355 431 sancto.
404 394 446 431 et
478 388 565 444 ipse
605 387 681 431 dat
720 401 815 430 eum
858 386 1012 443 populo
1052 400 1141 438 suo,
1184 386 1263 428 etsi
1296 400 1378 428 non
1412 386 1535 429 simul
1568 386 1774 437 omnibus,

194 468 268 498 suo
301 454 450 511 cuique
482 460 682 510 tempore,
714 453 846 495 donee
878 452 1128 495 discedendo
1159 452 1210 494 de
1244 453 1320 494 hae
1346 452 1435 494 uita
1455 458 1497 494 et
1515 452 1776 495 succedendo

195 520 236 563 in
268 521 376 563 hane
417 520 550 562 uitam
592 519 807 562 uniuersus
851 518 1034 561 eiusdem
1076 518 1219 574 populi
1261 532 1458 561 numerus
1500 518 1773 574 compleatur,

195 591 242 629 ut
270 586 346 628 hoe
380 591 548 629 sanetae
581 585 810 641 scripturae
836 585 925 627 loeo
951 598 1035 627 non
1060 584 1173 627 aliud
1199 584 1253 627 sit
1279 584 1420 636 flatus,
1451 584 1563 627 aliud
1588 584 1773 640 spiritus,

192 652 263 694 sed
296 651 480 695 eiusdem
513 651 746 695 sententiae
764 650 974 706 repetitio.
1009 650 1116 693 sieut
1150 664 1233 693 non
1261 651 1364 693 alius
1399 655 1462 692 est
1498 650 1583 706 ‘qui
1610 650 1775 693 habitat

193 717 234 759 in
256 718 393 760 eaelis‘
416 724 457 760 et
485 718 589 760 alius
612 717 833 760 ‘dominus‘
867 731 942 759 nee
962 716 1075 759 aliud
1103 721 1166 759 est
1201 717 1404 759 ‘inridere‘
1440 722 1481 759 et
1515 716 1628 759 aliud
1666 715 1774 758 ‘sub-

195 784 399 834 sannaw‘,
433 785 503 826 sed
542 783 687 826 eadem
719 783 929 825 sententia
974 782 1156 837 repetita
1208 788 1283 833 est,
1335 782 1405 825 ubi
1451 783 1622 837 legitur:
1674 782 1775 837 qui

195 850 552 892 habitatin
598 848 817 900 caelis,
874 848 1190 892 inridebit
1238 862 1337 891 eos
1386 854 1442 891 et
1489 848 1775 891 dominus

194 915 619 958 subsannabit
673 928 785 966 θος,
844 914 922 965 uel,
969 928 1063 957 eum
1106 915 1268 957 dietum
1319 919 1399 957 est:
1449 914 1603 956 dabo
1652 914 1773 956 tibi

195 986 411 1035 gentes
475 981 900 1023 hereditatem
962 985 1126 1022 tuam
1191 986 1247 1022 et
1308 981 1773 1036 possessionem

193 1052 212 1089 t
230 1061 255 1089 u
273 1061 297 1089 a
315 1061 355 1089 m
401 1047 444 1088 fi
465 1061 491 1089 n
509 1061 529 1089 e
546 1061 564 1090 s
609 1053 627 1089 t
644 1061 665 1089 e
682 1061 702 1089 r
718 1060 737 1088 r
755 1060 780 1089 a
797 1060 840 1093 e,
904 1060 985 1088 non
1054 1047 1198 1102 utique
1257 1046 1370 1089 aliud
1434 1046 1543 1089 dixit
1603 1046 1775 1088 ‘heredi-

191 1114 354 1163 tatem‘‚
413 1113 525 1155 aliud
581 1113 909 1169 ‘possessionem‘
953 1126 1027 1155 nee
1075 1112 1187 1155 aliud
1247 1113 1431 1168 ⁴gentes‘,
1492 1113 1603 1154 aliud
1655 1112 1774 1154 ‘fines

194 1179 358 1230 terrae,
400 1179 471 1221 sed
504 1179 690 1221 eiusdem
731 1178 964 1221 sententiae
1007 1179 1204 1235 repetitio
1246 1184 1323 1221 est.
1374 1184 1416 1220 et
1451 1178 1772 1220 innumerabiles

194 1244 378 1287 inueniet
403 1244 643 1287 huiusmodi
668 1245 897 1287 locutiones
931 1243 1171 1287 diuinorum
1206 1244 1476 1300 eloquiorum,
1512 1245 1545 1286 si
1577 1244 1775 1286 aduertat

194 1311 306 1366 quod
341 1310 453 1366 legit.

284 1377 346 1419 19.
384 1376 505 1426 Quod
537 1382 679 1418 autem
710 1389 880 1431 graecus
915 1375 1017 1418 dicit
1044 1376 1206 1430 πνοήν,
1241 1376 1318 1418 hoe
1351 1376 1470 1418 latini
1504 1375 1616 1418 uarie
1650 1376 1776 1418 inter-

192 1442 345 1497 pretati
370 1447 488 1484 sunt:
531 1441 757 1496 aliquando
785 1442 978 1492 ‘flatum²‚
1014 1442 1239 1497 aliquando
1276 1441 1513 1497 ‘spiritum‘‚
1548 1441 1773 1497 aliquando

194 1507 549 1563 'inspirationen1⁴.
599 1521 697 1550 nam
739 1508 818 1549 hoc
851 1507 1024 1549 uerbum
1069 1508 1226 1550 habent
1259 1508 1419 1550 codices
1452 1509 1585 1563 graeei
1621 1509 1662 1549 in
1693 1508 1773 1550 isto

192 1573 436 1628 prophetico
471 1573 726 1623 testimonio,
775 1574 825 1615 de
875 1587 956 1628 quo
1004 1587 1114 1616 nune
1155 1575 1329 1629 agimus,
1373 1574 1443 1616 ubi
1486 1574 1646 1616 dictum
1689 1579 1772 1615 est:

191 1639 291 1694 qui
328 1639 432 1682 dat
465 1639 690 1681 flatum
732 1639 960 1695 populo
1001 1653 1182 1694 super
1225 1653 1369 1689 eam,
1405 1640 1482 1682 hoc
1514 1646 1575 1682 est
1607 1640 1770 1693 πνοήν.

191 1705 325 1760 ipsum
348 1705 522 1748 uerbum
553 1710 615 1747 est
646 1710 688 1748 et
710 1705 783 1747 ubi
803 1706 927 1747 homo
948 1705 1159 1748 animatus
1183 1710 1264 1747 est:
1300 1711 1353 1747 et
1386 1706 1396 1747 i
1415 1720 1442 1748 n
1460 1720 1477 1747 s
1498 1720 1522 1748 u
1540 1705 1557 1747 f
1575 1705 1590 1746 f
1608 1705 1619 1747 1
1638 1719 1662 1747 a
1680 1720 1705 1747 u
1724 1706 1736 1747 i
1756 1711 1773 1747 t

189 1770 335 1813 deus
362 1771 661 1814 infaciem
696 1771 825 1813 eius
858 1771 1083 1814 flatum
1117 1771 1302 1814 uitae.
1332 1772 1403 1814 sed
1433 1772 1568 1826 ipsum
1597 1771 1773 1814 uerbum

191 1841 253 1878 est
290 1842 331 1879 et
363 1836 405 1879 in
432 1836 608 1893 psaln10‚
651 1837 721 1879 ubi
765 1837 949 1879 canitur:
993 1837 1187 1879 omnis
1235 1837 1511 1893 spiritus
1553 1836 1696 1880 laud
1717 1842 1774 1879 et

190 1902 515 1954 dominum;
569 1903 706 1958 ipsum
750 1907 812 1945 est
860 1908 903 1945 et
942 1903 984 1945 in
1032 1902 1137 1945 libro
1182 1903 1270 1949 Iob.
1319 1903 1390 1945 ubi
1439 1903 1642 1959 seriptum
1692 1909 1773 1946 est:

187 1969 507 2023 aspiratio
547 1972 748 2011 autem
786 1968 1250 2024 omnipotentis
1284 1975 1547 2024 est,quae
1579 1969 1773 2012 docet.

281 2082 301 2115 8
321 2081 377 2116 Ps.
401 2083 431 2122 2,
452 2084 485 2117 4.
559 2082 600 2117 10
620 2082 676 2117 Ps.
697 2082 728 2123 2,
746 2081 767 2116 8
839 2082 876 2116 21
899 2080 994 2117 Esai.
1019 2083 1074 2124 42,
1095 2082 1116 2116 5
1188 2083 1230 2117 22
1254 2082 1339 2117 Gen.
1365 2083 1396 2123 2,
1419 2083 1437 2116 7
1505 2084 1546 2117 24
1571 2083 1627 2117 Ps.
1652 2083 1727 2124 150,
1748 2084 1768 2118 ὓ

196 2140 238 2175 26
264 2140 326 2175 Iob
346 2141 400 2182 32,
419 2141 441 2175 9

282 2219 297 2253 1
316 2218 422 2253 simul
438 2218 543 2254 multi
555 2219 586 2253 Ε
689 2218 797 2265 cred.]
813 2219 890 2254 add.
909 2218 1012 2253 simul
1024 2218 1259 2255 ABCEFde
1356 2220 1378 2254 3
1401 2222 1481 2254 ante
1494 2230 1559 2254 suo
1574 2220 1652 2255 add.
1670 2219 1730 2255 sed
1747 2221 1768 2255 cl

192 2280 314 2324 tepore
328 2280 358 2313 A
385 2269 466 2323 tepe
487 2279 528 2313 J!
668 2278 833 2314 discendo
850 2279 882 2314 A
910 2278 1145 2314 disco-dendo
1166 2280 1196 2314 Ε
1219 2279 1290 2324 (dis
1315 2280 1352 2314 in
1375 2280 1458 2324 ras.)
1485 2279 1725 2325 discendendo
1739 2279 1770 2314 F

192 2348 233 2373 ac
245 2338 322 2373 AM
355 2338 595 2373 succetdendo
608 2339 640 2373 E
678 2339 699 2374 5
709 2337 766 2384 ut]
777 2345 812 2373 et
822 2338 866 2373 M
897 2338 973 2374 loeo
983 2349 1064 2375 scae
1074 2338 1196 2386 script.
1208 2340 1240 2374 E
1282 2339 1303 2374 6
1318 2339 1535 2375 sententioG
1563 2340 1715 2385 repetiui
1727 2340 1766 2374 J!

190 2401 245 2432 est
261 2396 352 2433 alius
363 2398 416 2433 Cd
500 2400 519 2434 7
536 2397 636 2434 aliud
651 2402 706 2433 est
725 2398 944 2434 subsannare
958 2400 989 2435 E
1067 2400 1089 2434 8
1105 2399 1304 2435 sententiae
1316 2399 1345 2434 C
1424 2401 1465 2435 10
1480 2399 1717 2435 subsannauit
1736 2400 1768 2434 D

191 2456 355 2492 dobotibi
371 2457 412 2492 M
439 2457 482 2503 (s.
512 2462 529 2493 t
552 2458 639 2504 πίνῃ.
667 2469 774 2500 erasa,
794 2458 831 2494 bi
851 2469 878 2493 s.
896 2458 936 2504 1.)
1028 2459 1071 2495 12
1089 2461 1188 2494 tuam
1213 2459 1320 2495 om.F
1413 2462 1453 2495 14
1475 2459 1722 2495 imunerabiles
1741 2460 1768 2492 (¹

194 2517 235 2552 15
248 2515 406 2552 inuenies
432 2518 475 2552 M
601 2517 826 2563 loquutiones
850 2517 951 2554 ABG
982 2518 1170 2554 locutionis
1193 2519 1235 2553 M
1351 2520 1537 2555 auertatA
1568 2519 1728 2555 aduertit
1750 2520 1768 2553 b

193 2575 236 2612 16
247 2575 374 2623 legitur
388 2577 422 2612 A
445 2577 579 2623 legetE
661 2578 701 2613 17
716 2588 842 2624 gregna
857 2578 886 2613 C
905 2588 1029 2624 grecus
1044 2578 1148 2615 FGM
1223 2578 1319 2615 dixit
1333 2579 1352 2614 b
1429 2579 1491 2615 ΡΝ
1494 2578 1590 2614 OEN
1604 2578 1768 2614 ABFDF

192 2646 310 2682 pnoen
323 2637 397 2672 GM
419 2636 634 2673 HNEYMA
645 2637 677 2672 E
692 2637 747 2683 (in
758 2648 823 2684 ηις.
839 2638 1021 2684 pneuma),
1032 2638 1051 2674 b
1139 2638 1185 2674 ho
1203 2639 1232 2674 A
1282 2637 1513 2684 interpretati
1525 2641 1612 2674 sunt
1625 2637 1720 2673 uarie
1736 2638 1767 2672 Ε

194 2695 237 2732 19
249 2695 503 2742 espirafionem
518 2696 552 2732 D
569 2696 787 2744 aspiratione
799 2697 847 2733 M·
909 2697 1021 2734 habet
1033 2698 1063 2733 C
1124 2698 1218 2744 greci
1230 2697 1294 2734 BF
1362 2699 1402 2734 21
1423 2697 1584 2734 PNOEN
1602 2696 1769 2733 ABCDF

191 2755 375 2792 ΠΝΟΗΝ
394 2756 426 2791 Ε
448 2756 504 2802 (in
526 2768 592 2803 ηις.
617 2757 749 2804 pnoen)
763 2767 879 2805 pnoen
892 2757 966 2793 GM
1089 2759 1130 2794 24
1154 2762 1192 2793 et
1216 2758 1336 2794 omM
1457 2758 1499 2793 25
1519 2762 1557 2793 et
1581 2768 1643 2793 om.
1659 2757 1766 2792 DGM

192 2814 238 2850 26
249 2815 438 2862 aspiratio
449 2815 483 2851 D
