2028 3204
253 208 337 252 436
453 249 457 253 .
640 218 678 253 V.
713 219 843 256 Contra
872 218 961 255 duas
990 218 1158 265 epistulas
1189 219 1455 267 Pelagianorum

255 348 581 401 peccatum
616 343 771 387 enim
806 344 1136 389 occasione
1171 350 1433 402 accepta
1465 359 1568 403 per
1600 347 1833 391 manda-

254 415 379 453 tum
423 409 675 453 fefellit
718 422 800 452 me
843 414 900 453 et
957 423 1060 466 per
1102 410 1263 455 illud
1307 411 1556 455 occidit.
1617 411 1833 469 itaque

255 475 351 519 lex
399 475 642 531 quidem
689 479 910 519 sancta
954 480 1011 519 et
1054 477 1407 520 mandatum
1451 482 1731 521 sanctum
1776 482 1834 522 et

257 541 489 584 iustum
530 545 587 583 et
626 541 855 584 bonum.
913 542 1069 597 quod
1108 554 1246 598 ergo
1286 542 1503 586 bonum
1542 547 1648 595 est,
1687 542 1833 586 mihi

256 607 490 649 factum
533 611 625 649 est
666 606 852 650 mors?
896 606 1087 650 absit!
1145 607 1246 650 sed
1286 613 1712 663 peccatum,ut
1746 622 1831 665 ap-

256 677 476 727 pareat
522 676 859 727 peccatum,
907 684 1010 727 per
1055 673 1272 716 bonum
1318 673 1464 716 mihi
1511 679 1832 729 operatum

256 742 349 780 est
401 742 666 789 mortem,
719 742 782 780 ut
848 737 971 780 fiat
1022 751 1204 794 super
1254 739 1484 782 modum
1535 744 1833 795 peccator

257 808 362 846 aut
396 808 719 859 peccatum
754 817 856 858 pcr
889 804 1253 847 mandatum.
1305 804 1579 856 haecomnia,
1603 804 1829 857 sicutdixi,

259 873 399 924 potest
429 869 560 911 uideri
591 869 805 924 apostolus
835 869 886 911 de
917 882 993 912 sua
1022 869 1114 912 uita
1142 882 1484 913 commemorasse
1514 870 1751 926 praeterita,
1783 875 1831 913 ut

256 934 373 985 illud,
395 934 603 990 quodait:
639 947 742 990 ego
775 938 977 977 autem
1009 934 1291 978 uiuebam
1326 936 1667 991 aliquando
1701 936 1831 979 sine

258 1000 272 1042 1
288 1013 309 1042 e
326 1014 351 1056 g
368 1014 403 1052 e,
435 1005 618 1042 aetatem
638 1013 756 1043 suam
775 999 953 1055 primam
974 1000 1028 1043 ab
1047 1000 1227 1043 infantia
1245 1006 1344 1044 ante
1367 1001 1589 1044 rationales
1609 1014 1740 1044 annos
1760 1014 1830 1044 uo-

254 1065 380 1108 luerit
412 1065 608 1122 intellegi,
643 1065 755 1121 quod
787 1070 929 1108 autem
961 1065 1171 1109 adiunxit:
1207 1066 1585 1109 adueniente
1631 1071 1830 1110 autem

256 1132 547 1174 mandato
600 1135 923 1186 peccatum
975 1131 1228 1183 reuixit,
1283 1145 1386 1188 ego
1441 1137 1642 1175 autem
1694 1145 1829 1175 mor-

256 1201 274 1238 t
293 1210 320 1239 u
337 1210 364 1239 u
382 1211 401 1239 s
439 1210 457 1239 s
473 1210 501 1239 u
517 1210 573 1248 m,
597 1196 682 1239 iam
704 1210 747 1239 se
770 1196 981 1252 praecepti
1003 1210 1211 1253 capacem,
1237 1198 1309 1240 sed
1330 1211 1414 1241 non
1437 1198 1648 1240 efficacem
1673 1203 1716 1241 et
1738 1197 1829 1241 ideo

256 1262 632 1317 praeuaricatorem
661 1262 759 1318 legis
789 1263 1037 1305 ostenderet.

362 1334 438 1376 IX.
469 1334 530 1376 15.
561 1334 647 1376 Nec
671 1338 842 1376 moueat
868 1334 981 1389 quod
1007 1334 1061 1376 ad
1087 1333 1370 1389 Philippenses
1396 1334 1571 1389 scripsit,
1603 1334 1830 1377 secundum

256 1399 473 1451 iustitiam,
504 1412 610 1455 quae
636 1399 679 1441 in
706 1399 793 1455 lege
821 1404 896 1450 est,
927 1399 1039 1454 quod
1066 1399 1191 1442 fuerit
1218 1399 1304 1442 sine
1333 1399 1523 1455 querella.
1553 1399 1693 1455 potuit
1720 1399 1830 1442 enim

255 1478 341 1508 esse
367 1465 481 1507 intus
504 1465 546 1506 in
571 1464 864 1508 affectionibus
886 1464 1028 1520 prauis
1050 1465 1358 1520 praeuaricator
1380 1465 1479 1520 legis
1502 1470 1545 1507 et
1568 1469 1711 1508 tamen
1734 1478 1829 1507 con-

256 1531 399 1586 spicua
427 1544 552 1586 opera
578 1530 678 1586 legis
704 1530 859 1586 inplere
887 1530 953 1572 uel
981 1530 1129 1573 timore
1157 1530 1373 1573 hominum
1400 1531 1467 1573 uel
1494 1530 1624 1586 ipsius
1651 1530 1729 1582 dei,
1758 1530 1830 1573 sed

256 1609 413 1651 poenae
447 1596 679 1647 formidine,
714 1609 798 1638 non
833 1595 1051 1638 dilectione
1085 1600 1128 1638 et
1162 1596 1436 1639 delectatione
1469 1595 1665 1639 iustitiae.
1717 1595 1829 1638 aliud

256 1666 319 1704 est
346 1661 455 1703 enim
481 1662 700 1704 uoluntate
726 1661 1010 1704 benefaciendi
1036 1661 1288 1712 benefacere,
1317 1661 1430 1704 aliud
1456 1665 1599 1704 autem
1625 1662 1679 1704 ad
1704 1661 1829 1704 male-

255 1727 492 1770 faciendum
522 1727 579 1770 sic
608 1727 827 1770 uoluntate
855 1726 1056 1777 inclinari,
1087 1731 1136 1769 ut
1165 1727 1292 1769 etiam
1322 1727 1488 1777 faceret,
1520 1727 1553 1769 si
1583 1727 1661 1769 hoc
1690 1731 1829 1782 posset

255 1792 410 1846 inpune
435 1792 634 1847 permitti.
677 1805 777 1835 nam
803 1791 861 1834 sic
885 1791 1072 1845 profecto
1099 1791 1141 1833 in
1168 1791 1259 1847 ipsa
1284 1791 1398 1834 intus
1423 1792 1643 1835 uoluntate
1668 1797 1827 1845 peccat,

261 1858 332 1913 qui
359 1871 443 1900 non
471 1858 704 1909 uoluntate,
734 1858 806 1900 sed
833 1857 981 1900 timore
1007 1870 1091 1900 non
1119 1862 1277 1913 peccat.
1316 1857 1358 1899 in
1387 1857 1538 1912 quibus
1565 1857 1829 1900 interioribus

256 1923 338 1966 suis
363 1924 490 1966 talem
521 1937 562 1966 se
591 1923 716 1966 fuisse
746 1922 876 1966 sciens
906 1923 1119 1978 apostolus
1148 1927 1245 1965 ante
1274 1922 1452 1979 gratiam
1481 1922 1560 1974 dei,
1591 1936 1696 1978 quae
1727 1922 1827 1965 data

256 1994 320 2031 est
349 2002 422 2044 per
452 1990 590 2032 Iesum
619 1989 828 2032 Christum
859 1988 1074 2031 dominum
1103 1993 1306 2040 nostrum,
1338 1988 1435 2031 alibi
1465 1989 1543 2031 hoc
1572 1987 1828 2043 apertissime

218 2099 220 2101 ,
259 2054 496 2098 confitetur.
545 2054 725 2097 scribens
757 2053 909 2110 quippe
940 2054 994 2096 ad
1022 2053 1242 2109 Ephesios:
1275 2058 1332 2097 et
1376 2068 1403 2096 u
1421 2066 1492 2105 os,
1523 2052 1673 2109 inquit,
1705 2065 1829 2096 cum

256 2120 488 2163 essetis
539 2119 768 2163 mortui
821 2119 1083 2162 delictis
1134 2124 1191 2162 et
1242 2118 1525 2175 peccatis
1576 2117 1825 2170 uestris,

357 2255 410 2291 10.
427 2256 469 2291 12
482 2255 582 2290 Rom.
596 2256 628 2297 7,
640 2254 670 2289 9.
685 2254 726 2290 10
800 2253 839 2289 16
850 2254 893 2290 cf.
907 2253 995 2291 Phil.
1009 2254 1042 2296 3,
1054 2254 1075 2289 6
1151 2255 1193 2290 25
1205 2253 1249 2289 cf.
1262 2253 1363 2289 Rom.
1377 2255 1410 2296 7,
1421 2252 1465 2290 25
1527 2254 1568 2290 27
1580 2253 1670 2298 Eph.
1686 2253 1826 2296 2,1—5

358 2350 374 2384 1
404 2353 549 2395 accepta
574 2349 755 2384 occasione
775 2347 913 2384 DEde
989 2350 1009 2385 2
1033 2347 1131 2384 illum
1150 2350 1180 2384 L
1253 2349 1273 2384 7
1293 2359 1400 2394 supra
1416 2348 1487 2384 ΟΜ
1561 2351 1724 2393 peccator
1748 2347 1825 2394 aut]

256 2419 405 2455 peccans
416 2409 509 2446 DGL
583 2409 604 2444 8
621 2419 666 2443 au
679 2406 711 2441 V
796 2418 858 2453 per
872 2408 1082 2444 mandatum
1099 2408 1224 2444 om.GL
1313 2418 1394 2444 uoce
1407 2418 1468 2454 per
1483 2407 1551 2443 inc.
1561 2406 1593 2443 Ο
1676 2405 1827 2443 sicut-B

256 2469 278 2505 9
295 2470 474 2505 suauitate
484 2469 514 2505 L
574 2468 652 2504 uita
668 2478 731 2504 sua
743 2468 775 2503 B
835 2467 892 2514 ut]
907 2466 991 2503 dum
1000 2468 1059 2504 GL
1118 2469 1156 2503 11
1175 2467 1329 2513 primum
1337 2467 1397 2504 GL
1456 2466 1576 2503 uolens
1588 2467 1620 2503 B
1634 2466 1787 2502 noluerit
1797 2466 1826 2502 0

258 2530 300 2565 12
317 2530 384 2574 jin.
401 2531 521 2564 autem
539 2527 663 2564 om.GL
787 2529 830 2563 14
846 2529 888 2563 ut
901 2527 974 2563 iam
989 2526 1021 2561 B
1139 2537 1266 2573 capace
1278 2524 1310 2560 V
1414 2525 1457 2563 16
1475 2526 1687 2573 philipenses
1695 2525 1826 2563 OBDL

258 2589 298 2624 17
314 2598 383 2634 que
395 2588 482 2624 Om1
543 2589 617 2633 post
632 2597 721 2634 quae
738 2597 819 2623 eras.
839 2585 862 2622 d
877 2586 908 2621 B
977 2587 1039 2634 qui
1055 2586 1181 2622 fuerim
1193 2586 1264 2622 ΟΜ
1279 2585 1374 2633 quod
1389 2585 1516 2622 fuerim
1526 2584 1589 2621 EF
1649 2586 1692 2622 18
1707 2584 1825 2631 prauis

257 2658 319 2683 om.
332 2647 398 2684 OB
414 2647 534 2693 paruis
543 2646 606 2681 EF
685 2647 730 2683 20
744 2645 972 2682 dilectatione
982 2646 1066 2682 Gml
1156 2649 1194 2682 et
1208 2645 1440 2688 delectatione
1455 2645 1587 2682 om.EF
1672 2646 1712 2681 21
1729 2644 1825 2680 enim

256 2707 355 2743 estD
433 2708 479 2743 22
495 2706 674 2742 uoluntati
685 2704 872 2741 Vuolunte
884 2705 970 2742 Gml
1055 2705 1208 2742 haecGL
1296 2706 1340 2742 23
1355 2701 1424 2741 sio
1514 2704 1557 2741 25
1573 2703 1659 2740 data
1673 2702 1741 2750 est]
1758 2707 1823 2746 est,

255 2766 343 2812 quod
357 2769 432 2812 post
449 2765 627 2804 Christum
643 2777 722 2812 pon.
741 2765 874 2807 ODGL,
890 2767 964 2811 post
978 2768 1139 2800 nostrum
1148 2760 1288 2800 EFVbd
1425 2763 1467 2801 ὅ
1481 2762 1583 2810 alibi]
1597 2762 1667 2799 alio
1682 2762 1826 2800 locool,

257 2827 299 2862 27
316 2826 447 2872 quippe
465 2825 626 2862 om.BGL
686 2824 780 2872 cum]
797 2824 882 2860 dum
895 2825 928 2860 D
987 2824 1030 2860 28
1046 2824 1175 2861 uestris
1189 2834 1232 2859 ex
1245 2822 1376 2860 nostris
1387 2822 1419 2859 Β

1859 621 1876 651 5

1861 946 1900 976 10

1861 1273 1898 1303 15

1856 1606 1898 1637 2⁰

1855 1933 1896 1964 2⁵
