2028 3204
283 206 364 250 530
656 215 693 249 V.
729 215 857 250 Contra
888 213 978 248 duas
1008 211 1177 259 epistulas
1208 211 1476 258 Pelagianorum

279 343 349 385 sed
371 340 545 397 principi
567 339 841 389 tenebrarum,
863 337 933 380 isti
953 337 1089 380 uerbis
1109 350 1229 379 uerae
1251 337 1416 392 pietatis
1436 337 1645 380 obsistunt
1665 337 1847 381 dicentes

278 408 390 463 ‘quia
425 406 614 449 dominus
651 404 692 445 in
726 402 937 458 euangelio
974 402 1172 458 loquitur:
1212 415 1238 458 q
1256 402 1311 445 ui
1346 402 1400 445 fe
1417 402 1467 445 ci
1484 408 1503 445 t
1537 416 1563 446 a
1578 403 1605 446 b
1640 403 1846 455 initio,

276 471 611 515 masculum
638 474 693 511 et
719 468 1005 511 feminam
1032 467 1189 510 fecit
1214 468 1847 512 eos.etdixit:crescite

276 543 330 580 et
360 533 884 590 multiplicamini
910 539 961 576 ct
987 533 1231 588 replete
1258 539 1497 576 terram.
1528 534 1684 589 quod
1711 546 1848 590 ergo

277 604 303 645 d
321 617 341 644 e
360 617 384 644 u
405 616 421 643 s
439 615 459 643 c
478 615 500 643 o
519 601 619 642 niu
639 613 663 641 n
683 600 786 650 xit,
815 599 964 641 homo
990 612 1091 641 non
1118 599 1381 654 separet‘?
1401 599 1500 655 quid
1517 599 1572 642 eis
1588 599 1666 642 hoc
1682 600 1848 655 prodest

276 681 348 723 per
372 680 513 709 uerum
534 667 722 708 seducere
746 665 799 707 ad
819 664 998 706 falsum?
1024 665 1102 707 hoc
1125 664 1234 706 enim
1259 665 1416 715 dicunt,
1442 670 1490 707 ut
1514 665 1567 707 ab
1591 664 1702 707 omni
1741 678 1850 708 noxa

278 733 393 776 liberi
415 732 526 774 nasci
546 732 765 774 credantur
785 731 963 772 infantes
985 743 1033 772 ac
1053 730 1110 772 sic
1127 743 1209 772 non
1229 730 1285 773 eis
1305 744 1407 785 opus
1429 730 1482 772 sit
1503 730 1579 773 deo
1599 730 1846 773 reconciliari

278 812 350 854 per
385 798 590 841 Christum
627 811 708 839 non
744 795 992 838 habentibus
1020 796 1148 837 ullum
1184 796 1377 852 originale
1414 801 1644 851 peccatum,
1682 801 1849 852 propter

277 865 387 920 quod
414 863 689 905 reconciliatio
716 862 945 903 necessaria
971 866 1034 903 est
1060 861 1250 904 omnibus
1277 875 1350 917 per
1376 874 1518 911 unum,
1548 861 1616 916 qui
1645 861 1730 904 sine
1756 875 1848 917 pec·

277 936 370 972 cato
401 929 514 971 uenit
546 929 587 970 in
617 928 832 977 mundum,
865 927 971 969 sicut
1000 927 1185 969 omnium
1214 927 1350 969 factae
1381 926 1621 969 inimicitiae
1651 932 1749 969 sunt
1778 940 1850 982 per

277 1009 420 1045 unum,
456 1008 527 1050 per
561 1008 680 1049 quem
716 998 931 1048 peccatum
964 992 1137 1035 intrauit
1171 993 1213 1034 in
1246 993 1460 1035 mundum.
1498 993 1607 1047 quod
1651 992 1850 1035 catholice

280 1061 458 1103 creditur
478 1073 551 1115 pro
571 1059 772 1102 saluanda
790 1063 941 1101 natura
960 1058 1173 1100 hominum
1194 1058 1304 1100 salua
1328 1059 1448 1101 laude
1477 1058 1730 1113 nuptiarum,
1753 1058 1851 1113 quia

279 1127 519 1182 nuptiarum
549 1126 638 1168 laus
670 1129 731 1167 est
762 1125 872 1167 iusta
901 1123 1109 1179 copulatio
1141 1137 1325 1174 sexuum,
1366 1138 1448 1166 non
1489 1123 1631 1179 iniqua
1670 1123 1850 1166 defensio

278 1192 486 1234 uitiorum.
511 1205 558 1234 ac
576 1204 649 1246 per
667 1191 744 1233 hoc
763 1204 856 1232 cum
876 1189 945 1231 isti
964 1189 1170 1231 laudando
1190 1190 1357 1245 nuptias
1379 1203 1404 1232 a
1422 1189 1642 1231 Manicheis
1663 1189 1846 1232 homines

278 1259 332 1300 ad
365 1272 406 1300 se
440 1257 548 1312 ipsos
582 1257 728 1299 uolunt
762 1256 989 1306 traducere,
1022 1259 1183 1297 mutare
1216 1255 1292 1297 illis
1325 1256 1515 1297 morbum
1547 1254 1734 1310 cupiunt,
1769 1267 1849 1297 non

280 1337 435 1366 sanare.

386 1408 446 1449 10.
468 1407 624 1448 Rursus
643 1405 684 1447 in
706 1405 826 1447 laude
847 1403 943 1460 legis
965 1403 1065 1460 quid
1085 1403 1140 1447 eis
1162 1404 1342 1459 prodest,
1357 1404 1466 1459 quod
1487 1409 1630 1445 contra
1647 1403 1851 1446 Maniche-

280 1486 324 1514 os
343 1486 484 1514 uerum
502 1472 658 1521 dicunt,
678 1471 844 1527 quando
874 1483 926 1512 ex
941 1470 1019 1513 hoc
1035 1470 1089 1512 ad
1108 1469 1210 1512 illud
1236 1470 1382 1512 uolunt
1400 1469 1559 1520 ducere,
1578 1469 1688 1524 quod
1704 1468 1852 1511 falsum

279 1543 423 1580 contra
453 1538 675 1579 catholicos
704 1536 919 1579 sentiunt?
968 1534 1112 1578 dicunt
1141 1534 1267 1578 enim:
1301 1535 1417 1590 leyem
1450 1536 1565 1577 etiam
1597 1539 1765 1577 ueterem
1794 1547 1852 1576 se-

278 1604 449 1645 cundum
478 1603 699 1657 apostolmn
722 1603 871 1644 iustam
897 1606 930 1643 et
953 1606 1131 1643 sanctam
1157 1605 1191 1643 et
1215 1600 1355 1643 bonam
1379 1601 1561 1654 fatemur,
1602 1613 1703 1654 quae
1726 1605 1851 1643 custo-

278 1669 478 1711 dientibus
505 1669 693 1711 τηαηᾱαΐα
720 1682 796 1711 sua
823 1681 869 1710 ac
895 1681 965 1722 per
984 1667 1106 1720 fidem
1132 1667 1235 1709 iuste
1263 1666 1493 1709 uiuentibus
1521 1666 1623 1708 sicut
1651 1666 1851 1720 prophetis

281 1739 315 1777 et
348 1734 588 1788 patriarchis
622 1734 878 1787 omnibusque
910 1733 1060 1775 sanetis
1092 1734 1220 1775 uitam
1240 1733 1368 1786 poluit
1402 1732 1576 1785 conferre
1608 1735 1850 1786 perpetuam.

281 1800 430 1855 quibus
458 1800 590 1842 uerbis
629 1799 890 1842 callidissime
924 1798 1070 1856 positis
1107 1798 1236 1854 legem
1273 1803 1416 1840 contra
1452 1796 1630 1853 gratiam
1664 1796 1850 1839 laudant.

279 1878 412 1921 neque
446 1865 554 1907 enim
579 1866 644 1907 lex
669 1865 738 1907 illa
761 1864 949 1920 quamuis
974 1868 1119 1906 sancta
1142 1868 1183 1905 et
1209 1863 1318 1905 iusta
1348 1868 1388 1905 et
1413 1863 1522 1905 bona
1562 1862 1750 1904 omnibus
1775 1861 1852 1904 illis

280 1931 515 1973 hominibus
540 1931 616 1981 dei,
642 1931 713 1973 sed
736 1931 854 1981 fides,
880 1943 985 1985 quae
1008 1929 1049 1971 in
1073 1929 1232 1971 Christo
1256 1933 1332 1979 est,
1357 1928 1487 1970 uitam
1511 1927 1649 1983 potuit
1671 1927 1853 1970 conferre

281 2002 536 2052 perpetuam.
558 1997 659 2039 haec
678 1996 785 2038 enim
807 1996 909 2038 fides
929 2008 1002 2051 per
1020 1994 1278 2037 dilectionem
1297 1999 1503 2049 operatur,
1529 2006 1612 2034 non
1630 1992 1854 2035 secundum

391 2170 411 2204 2
430 2167 602 2211 Iulianus,
620 2167 664 2204 cf.
685 2179 717 2214 p.
736 2168 814 2210 521,
833 2169 874 2203 15
951 2167 1079 2204 Matth.
1099 2167 1153 2209 19,
1169 2168 1190 2202 4
1265 2166 1286 2201 3
1305 2166 1390 2202 Gen.
1411 2168 1441 2208 1,
1460 2166 1501 2202 28
1577 2166 1598 2200 4
1614 2164 1740 2200 Matth.
1762 2163 1815 2205 19,
1831 2163 1852 2198 6

286 2229 306 2263 '7
335 2226 378 2262 cf.
401 2227 500 2262 Rom.
526 2227 560 2270 5,
578 2228 619 2263 10
727 2228 770 2263 19
792 2228 950 2263 Iulianus
1048 2227 1089 2262 20
1114 2226 1158 2261 cf.
1182 2226 1282 2262 Rom.
1311 2227 1343 2268 7,
1361 2225 1403 2261 12
1501 2225 1544 2260 25
1571 2224 1613 2260 cf.
1645 2223 1721 2261 Gal.
1750 2224 1781 2266 3,
1809 2223 1853 2258 26

286 2286 330 2322 26
347 2286 389 2323 cf.
412 2287 488 2324 Gal.
507 2287 541 2329 5,
559 2286 579 2321 6

389 2404 406 2438 1
425 2405 503 2442 istis
516 2405 578 2442 OB
671 2406 875 2441 obstituunt
888 2405 950 2441 OB
1042 2405 1063 2441 3
1080 2408 1116 2441 et
1130 2404 1324 2440 masculum
1335 2403 1366 2438 V
1446 2402 1533 2439 dicit
1549 2400 1654 2438 EFba
1713 2401 1734 2437 5
1751 2392 1854 2437 dn—so

286 2464 308 2499 6
323 2463 465 2511 falsum]
483 2464 624 2500 fallaces
641 2465 821 2510 decipulas
833 2465 863 2499 B
970 2465 1207 2500 hoc—dicunt
1222 2464 1321 2500 om.B
1421 2461 1529 2508 enim]
1547 2466 1566 2498 ὅ
1578 2463 1607 2499 0
1698 2462 1744 2498 ab
1760 2460 1855 2497 om.O

288 2525 307 2559 7
324 2524 422 2560 nasci
437 2523 641 2571 credantur]
658 2529 850 2560 nascantur
860 2524 890 2558 V
939 2524 1002 2570 sic]
1018 2524 1047 2560 si
1060 2524 1091 2558 B
1138 2524 1204 2560 deo
1219 2523 1306 2559 om.b
1352 2523 1393 2558 10
1411 2523 1595 2557 imundum
1606 2521 1635 2557 C
1680 2519 1854 2566 omnium]

287 2583 382 2619 enim
398 2583 416 2618 b
476 2584 686 2620 inimicitiae
703 2583 818 2620 factae
830 2585 882 2620 Db
952 2586 990 2619 11
1009 2583 1204 2619 catholicae
1215 2583 1246 2618 V
1309 2582 1351 2619 12
1367 2581 1558 2618 hominisF
1616 2580 1715 2617 salua
1731 2578 1849 2625 laude]

287 2643 494 2690 saluandeO
509 2643 679 2680 saluande
698 2643 729 2678 B
802 2644 843 2679 13
862 2643 955 2679 iusta
969 2644 998 2679 O
1015 2644 1046 2688 (s
1062 2653 1087 2678 s.
1106 2644 1190 2688 ras.)
1258 2641 1477 2687 cepolatioV
1537 2651 1686 2676 sexuum
1701 2650 1767 2684 sqq.
1785 2640 1852 2675 inc.

287 2701 344 2747 tol.
365 2703 448 2739 1440
461 2703 505 2746 V,
522 2705 564 2749 cl.
586 2704 700 2749 Praej.
781 2703 904 2749 iniqua
919 2704 959 2739 in
973 2702 1076 2738 ras.B
1167 2703 1207 2738 14
1222 2701 1276 2747 ac]
1293 2706 1333 2737 at
1342 2699 1480 2736 BEde
1495 2701 1561 2736 hac
1573 2699 1602 2736 C
1676 2710 1698 2735 a
1714 2695 1856 2738 s.l.Om2

288 2763 331 2799 17
347 2772 418 2808 quo
434 2764 598 2800 contraO
689 2763 732 2799 18
747 2762 930 2799 uerfflmO
1018 2761 1145 2797 nolunt
1160 2761 1276 2798 dicere
1286 2759 1317 2794 V
1399 2761 1440 2797 20
1459 2761 1590 2796 bonam
1605 2762 1643 2795 et
1658 2757 1856 2795 sanctamo

287 2822 331 2857 22
348 2826 384 2858 et
399 2822 560 2859 omCEF
631 2823 672 2858 24
688 2822 782 2859 iusta
799 2825 836 2859 et
852 2826 977 2859 sancta
989 2820 1096 2858 OBbd
