2028 3204
270 246 355 287 -496
651 255 692 290 V.
727 256 855 291 Contra
886 253 974 290 duas
1005 253 1174 299 epistulas
1206 254 1472 301 Pelagianorum

270 386 323 424 ·ut
351 394 402 423 ex
428 392 570 423 eorum
598 391 762 435 quoque
793 379 1001 423 codicibus
1029 379 1276 423 christianae
1313 393 1397 423 non
1425 379 1532 423 desit
1561 379 1847 424 testimonium

273 446 455 489 ueritati.

381 512 443 554 10.
464 511 522 554 Et
540 516 661 554 uetus
682 510 807 566 igitur
826 515 1125 554 testamentum
1144 511 1243 553 deus
1264 510 1464 562 condidit,
1482 510 1581 566 quia
1598 511 1674 554 deo
1693 511 1848 567 placuit

275 591 403 632 usque
433 577 488 619 ad
523 576 826 632 plenitudinem
861 576 1060 632 temporis
1095 576 1306 632 promissis
1343 564 1514 619 terrenis
1550 581 1770 632 tamquam
1805 577 1848 619 in

272 642 455 697 praemio
474 642 714 685 constitutis
726 641 928 698 promissa
943 642 1080 685 uelare
1098 641 1292 685 caelestia
1310 646 1352 684 et
1369 641 1522 698 populo
1541 642 1713 685 terrenis
1728 642 1847 686 bonis
1878 655 1888 670 Γ

274 708 454 750 inhianti
475 713 518 750 et
533 712 754 764 propterea
774 707 924 750 durum
947 721 1016 750 cor
1036 707 1208 750 habenti
1231 707 1421 763 quamuis
1444 707 1685 763 spiritalem,
1707 712 1848 751 tamen

275 773 315 815 in
328 773 480 816 tabulis
492 773 666 829 lapideis
676 773 806 830 legem
818 773 927 816 dare.
947 772 1130 828 exceptis
1143 773 1296 829 quippe
1307 772 1505 816 librorum
1516 778 1705 816 ueterum
1715 786 1848 816 sacra-

273 839 437 890 mentis,
461 851 565 894 quae
588 839 675 882 sola
697 838 957 895 significandi
979 839 1139 881 ratione
1160 843 1382 894 praecepta
1402 843 1501 881 sunt
1520 864 1574 869 -
1594 852 1849 895 quamquam

265 910 316 947 et
365 905 406 946 in
457 905 527 957 eis,
590 904 787 960 quoniam
837 904 1078 959 spiritaliter
1128 903 1405 959 intellegenda
1458 908 1568 955 sunt,
1616 909 1727 947 reete
1783 904 1850 946 lex

274 971 426 1013 dicitur
469 970 664 1026 spiritalis
716 996 768 1000 —
817 975 954 1013 cetera
1009 974 1132 1022 certe,
1191 982 1297 1025 quae
1347 970 1401 1013 ad
1449 969 1651 1026 pietatem
1699 970 1847 1013 bonos-

273 1047 352 1090 que
381 1047 513 1078 mores
537 1036 790 1091 pertinentia
832 1049 915 1078 non
943 1036 997 1078 ad
1024 1035 1207 1091 aliquam
1236 1035 1582 1091 significationem
1609 1035 1694 1078 ulla
1722 1035 1847 1078 inter-

274 1101 507 1156 pretatione
529 1101 756 1153 referenda,
784 1102 856 1144 sed
880 1114 1044 1157 prorsus
1071 1107 1119 1144 ut
1144 1105 1242 1143 sunt
1268 1101 1382 1144 dicta
1405 1100 1595 1144 facienda
1618 1106 1730 1153 sunt,
1757 1114 1848 1156 pro-

274 1166 382 1209 fecto
405 1167 520 1209 illam
541 1167 606 1209 dei
628 1166 758 1223 legem
779 1180 861 1209 non
878 1166 1012 1209 solum
1033 1166 1092 1208 illi
1113 1172 1215 1210 tunc
1230 1167 1398 1222 populo,
1421 1177 1566 1209 uerum
1588 1166 1716 1209 etiam
1737 1180 1847 1209 nunc

272 1232 393 1274 nobis
422 1233 476 1275 ad
504 1232 803 1276 instituendam
827 1237 938 1274 recte
965 1232 1099 1275 uitam
1126 1232 1400 1275 necessariam
1426 1246 1546 1275 nemo
1575 1231 1844 1275 dubitauerit.

265 1298 306 1339 ,si
333 1298 442 1340 enim
461 1298 647 1341 Christus
672 1298 790 1341 nobis
817 1297 992 1341 abstulit
1017 1298 1119 1340 illud
1143 1297 1434 1354 grauissimum
1458 1297 1686 1341 multarum
1710 1298 1846 1340 obser-

272 1363 492 1406 uationum
517 1363 673 1420 iugum,
705 1378 755 1406 ne
786 1362 1006 1406 carnaliter
1035 1363 1390 1415 circumcidamur,
1421 1377 1472 1405 ne
1503 1374 1698 1418 pecorum
1727 1363 1846 1406 uicti-

273 1443 361 1471 mas
387 1428 661 1481 immolemus,
683 1443 733 1472 ne
758 1430 933 1472 sabbato
959 1434 1128 1485 septeno
1153 1429 1314 1472 dierum
1337 1428 1547 1472 uolumine
1572 1429 1770 1471 redeunte
1795 1429 1847 1471 ab

263 1495 464 1550 operibus
486 1494 614 1537 etiam
640 1495 877 1539 necessariis
905 1494 1165 1550 quiescamus
1193 1499 1235 1538 et
1262 1499 1399 1537 cetera
1425 1494 1674 1546 huiusmodi,
1703 1494 1774 1537 sed
1800 1507 1848 1536 ea

262 1560 515 1615 spiritaliter
542 1560 753 1603 intellecta
788 1566 1004 1603 teneamus
1039 1561 1290 1616 remotisque
1325 1560 1480 1603 umbris
1516 1559 1847 1616 significantibus

271 1625 313 1667 in
330 1637 467 1668 rerum
483 1626 665 1681 ipsarum
688 1640 794 1681 quae
817 1625 1105 1682 significantur
1126 1626 1215 1669 luce
1237 1626 1468 1682 uigilemus,
1500 1625 1705 1681 numquid
1724 1638 1846 1681 prop-

273 1696 387 1733 terea
404 1691 554 1734 dicturi
578 1705 720 1734 sumus
743 1705 826 1734 non
848 1692 903 1734 ad
924 1705 998 1734 nos
1021 1691 1226 1746 pertinere
1245 1692 1357 1747 quod
1379 1691 1581 1747 scriptum
1603 1695 1680 1742 est,
1703 1695 1752 1733 ut
1774 1690 1846 1733 ali·

262 1770 396 1798 -enum
424 1757 715 1812 quodcumque
736 1757 946 1812 perditum
974 1756 1065 1812 quis
1094 1756 1299 1799 inuenerit
1327 1757 1476 1799 reddat
1503 1756 1540 1799 ei
1568 1756 1638 1812 qui
1665 1755 1845 1812 perdidit

262 1827 314 1864 et
340 1822 421 1864 alia
446 1822 580 1864 multa
601 1822 764 1874 similia,
793 1822 942 1878 quibus
962 1822 1028 1878 pie
1055 1827 1246 1878 recteque
1272 1822 1411 1864 uiuere
1438 1821 1623 1873 discitur,
1649 1821 1846 1864 maxime-

271 1899 350 1942 que
367 1887 504 1942 ipsum
525 1888 792 1944 Decalogum,
817 1888 888 1944 qui
915 1888 1077 1930 duabus
1106 1887 1184 1930 illis
1212 1887 1383 1943 lapideis
1412 1887 1565 1930 tabulis
1595 1886 1845 1938 continetur,

271 1958 448 2008 excepta
477 1953 643 1996 sabbati
673 1953 962 1996 obseruatione
992 1953 1160 2004 carnali,
1182 1966 1287 2008 quae
1317 1952 1546 2008 spiritalem
1574 1951 1844 1995 sanctificati·
1897 1964 1914 1991 5

263 2030 394 2060 vonem
413 2018 677 2074 quietemque
702 2019 939 2075 significat?
966 2018 1057 2074 quis
1082 2019 1190 2061 enim
1214 2019 1327 2061 dicat
1349 2031 1432 2061 non
1456 2018 1603 2060 debere
1628 2017 1844 2060 obseruare

274 2083 542 2136 Christianos,
562 2090 610 2127 ut
628 2084 698 2127 uni
722 2085 797 2127 deo
815 2084 1020 2140 religionis
1046 2083 1242 2140 obsequio
1268 2083 1484 2135 seruiatur,
1509 2087 1558 2126 ut
1581 2082 1739 2126 idolum
1761 2096 1845 2126 non

261 2149 444 2200 colatur,
478 2154 526 2191 ut
552 2163 703 2192 nomen
735 2150 892 2192 domini
923 2163 1005 2192 non
1037 2149 1266 2205 accipiatur
1297 2149 1340 2191 in
1371 2162 1541 2199 uanum,
1573 2153 1621 2191 ut
1653 2152 1845 2204 parentes

262 2214 536 2266 honorentur,
562 2228 612 2257 ne
637 2215 856 2266 adulteria,
884 2215 1120 2267 homicidia,
1146 2214 1272 2266 furta,
1311 2214 1418 2257 falsa
1434 2213 1675 2257 testimonia
1702 2224 1845 2269 perpe-

368 2351 387 2385 7
399 2350 440 2385 cf.
455 2350 521 2386 Ex,
534 2350 640 2391 24,12
718 2351 759 2386 22
770 2350 813 2387 cf.
828 2351 911 2386 Leu·
923 2351 955 2393 6,
967 2351 999 2387 3.
1013 2353 1034 2387 4
1111 2351 1153 2387 24
1165 2351 1209 2387 ef.
1222 2350 1287 2386 Ex·
1299 2350 1354 2392 20,
1367 2350 1475 2386 2-17
1537 2349 1578 2385 25
1593 2349 1636 2385 cf.
1655 2349 1720 2384 Ex.
1734 2349 1788 2391 20,
1803 2351 1840 2385 11

372 2445 388 2478 1
407 2455 452 2480 ex
466 2445 628 2492 qmssEF
703 2455 845 2491 quoque
861 2445 960 2481 omJ'
1037 2446 1058 2481 3
1075 2445 1237 2482 condidit
1249 2444 1367 2490 O(con
1383 2443 1451 2486 s·l·,
1467 2443 1479 2479 i
1493 2456 1546 2490 pr·
1566 2454 1606 2480 ex
1620 2446 1653 2489 e)
1731 2446 1753 2479 4
1766 2446 1844 2481 ante

270 2508 351 2539 terr.
369 2514 452 2540 eras.
472 2505 617 2540 terrenis
629 2504 660 2538 Β
751 2504 788 2539 in
804 2504 903 2540 orn-V
980 2505 1190 2551 impraemio
1200 2505 1228 2541 0
1315 2504 1336 2538 5
1351 2503 1467 2539 ualere
1479 2504 1542 2540 EF
1600 2503 1622 2538 6
1632 2502 1788 2539 inhianti
1803 2512 1845 2537 ex

268 2563 426 2599 hinianti
442 2562 472 2599 0
558 2564 579 2600 9
594 2568 679 2600 ante
695 2574 800 2610 quon.
819 2575 903 2601 eras.
921 2574 1030 2610 quam
1042 2565 1073 2599 Β
1163 2563 1335 2610 quoniam
1351 2574 1415 2598 om·
1429 2563 1482 2600 Db
1571 2563 1614 2600 10
1629 2572 1720 2609 quae
1734 2574 1796 2598 om.
1812 2564 1844 2599 D

270 2624 308 2658 11
329 2622 593 2667 pertinenentia
605 2623 636 2658 B
738 2625 780 2659 14
796 2629 929 2660 rectam
945 2623 1059 2660 uitam
1072 2624 1136 2660 EF
1231 2622 1424 2659 necessaria
1437 2622 1465 2658 0
1561 2623 1602 2658 15
1617 2621 1721 2658 nobis
1733 2612 1799 2668 ἧς
1811 2621 1841 2655 V

263 2673 334 2727 ᾗ
348 2693 408 2717 suo
425 2681 492 2718 loco
509 2694 591 2719 eras·
609 2685 683 2728 post
699 2683 800 2719 nobis
816 2694 843 2718 s·
855 2683 877 2718 l·
894 2683 1010 2718 add-0
1062 2682 1105 2718 16
1114 2692 1222 2729 ugum
1231 2681 1316 2718 Oml
1366 2692 1418 2727 pr.
1432 2692 1495 2718 nee
1506 2681 1537 2716 B
1588 2682 1630 2718 17
1646 2680 1798 2727 septimo
1810 2682 1843 2718 D

271 2742 312 2777 18
327 2741 420 2777 cano
495 2742 537 2779 20
557 2742 719 2789 nunquid
731 2742 761 2778 Ο
836 2742 879 2777 22
896 2742 1056 2788 quisquis
1067 2742 1142 2779 Dbd
1220 2740 1373 2778 iuenerit
1384 2740 1470 2776 Oml
1542 2740 1585 2777 23
1595 2739 1717 2776 uiuere
1731 2751 1796 2776 om·
1809 2742 1842 2778 D

258 2799 398 2836 -dicitur
420 2800 516 2838 ΒΕΓ
617 2801 848 2848 maximoque
868 2801 900 2836 Β
1005 2801 1048 2837 25
1063 2800 1220 2847 sanctif-J
1237 2799 1532 2848 significationem
1544 2799 1641 2837 DEF
1713 2800 1758 2836 29
1771 2809 1842 2835 uon

270 2859 461 2896 homicidia
476 2860 539 2896 EF
