2028 3204
749 213 837 250 liber
863 213 879 249 1
909 215 943 256 8.
972 214 1072 256 9—9,
1107 216 1142 250 11
1665 204 1740 246 311

159 339 262 383 ditas
304 344 340 383 et
382 339 582 397 offerenda
624 340 769 395 iuqiter
809 344 1040 383 sanctorum
1080 353 1216 384 censeo
1246 340 1455 394 sacrificia
1485 339 1744 382 sacerdotum.

161 419 253 449 ecce
276 405 402 457 aliud,
424 406 531 448 unde
554 419 786 461 numquam
807 406 994 449 exiturus
1017 411 1093 458 est,
1119 406 1197 448 nisi
1219 420 1315 448 eum
1337 405 1489 448 dixisse
1512 405 1740 462 paeniteat.

162 471 254 527 quis
286 471 396 514 enim
431 471 583 514 offerat
615 485 765 527 corpus
796 471 951 514 Christi
984 472 1062 514 nisi
1095 485 1169 528 pro
1202 472 1271 523 eis,
1322 472 1391 528 qui
1424 471 1614 514 membra
1645 477 1743 514 sunt

162 536 347 580 Christi?
381 551 433 580 ex
466 551 549 593 quo
582 543 726 580 autem
758 537 812 580 ab
844 538 913 580 iilo
945 537 1106 580 dictum
1139 543 1221 580 est:
1255 538 1378 581 nisi
1411 538 1548 593 quis
1581 551 1743 580 rena-

161 608 260 646 tus
304 603 506 646 fuerit
549 618 615 646 ex
657 617 814 659 aqua
860 608 918 646 et
959 604 1221 659 spiritu,
1255 618 1370 647 non
1411 608 1627 660 potest
1670 603 1745 646 in-

160 674 330 711 trare
372 669 428 711 in
471 682 720 725 regnum
755 669 864 721 dei,
899 674 941 712 et
974 669 1054 712 alio
1087 669 1195 712 loco:
1240 670 1339 725 qui
1383 670 1745 725 perdiderit

159 735 417 777 animam
459 749 623 778 suam
667 740 926 791 propter
968 749 1064 787 me,
1109 736 1398 778 inueniet
1440 749 1581 787 eam,
1622 749 1744 778 nemo

162 801 213 842 fit
244 800 480 843 membrum
513 801 668 844 Christi
710 801 787 844 nisi
820 807 895 844 aut
928 801 1184 856 baptismate
1217 802 1259 844 in
1292 801 1457 845 Christo
1503 806 1577 844 aut
1610 807 1744 844 morte

163 880 236 922 pro
270 866 447 909 Christo.

247 941 308 981 11.
354 938 472 980 Vnde
504 944 546 980 et
579 938 687 980 latro
720 938 786 981 ille
818 952 903 981 non
935 943 1033 982 ante
1066 952 1230 981 crucem
1255 939 1415 982 domini
1440 943 1637 992 sectator,
1669 940 1742 982 sed

159 1004 200 1046 in
233 1017 352 1046 cruce
385 1004 606 1055 confessor,
653 1004 704 1046 de
738 1018 820 1060 quo
852 1019 1171 1061 nonnumquam
1204 1005 1509 1061 praeiudicium
1542 1010 1741 1061 captatur

157 1070 245 1112 siue
292 1074 529 1126 temptatur
577 1075 725 1113 contra
771 1071 1040 1127 baptismatis
1089 1076 1414 1122 sacramentum,
1463 1086 1490 1114 a
1534 1071 1743 1127 Cypriane

158 1141 304 1178 sancto
337 1135 446 1178 inter
478 1141 684 1191 martyres
719 1142 1004 1192 computatur,
1029 1137 1101 1192 qui
1122 1151 1196 1180 suo
1218 1137 1420 1193 sanguine
1454 1137 1742 1193 baptizantur,

157 1201 267 1256 quod
319 1201 525 1257 plerisque
575 1216 659 1244 non
709 1202 936 1258 baptizatis
987 1203 1181 1245 feruente
1214 1203 1499 1258 persecutione
1533 1203 1740 1259 prouenit.

111 1298 118 1307 .
158 1272 278 1309 tanto
321 1280 502 1322 namque
545 1268 727 1323 pondere
775 1282 1006 1325 appensum
1058 1274 1121 1311 est
1164 1274 1418 1324 tantumque
1461 1269 1596 1311 ualuit
1629 1269 1742 1325 apud

157 1347 265 1378 eum.
310 1333 381 1388 qui
423 1333 524 1375 haec
567 1333 686 1377 nouit
719 1335 968 1390 appendere,
1016 1335 1127 1390 quod
1161 1335 1373 1377 confessus
1416 1340 1478 1377 est
1523 1335 1742 1378 domiuum

157 1399 419 1449 crucifixum,
451 1405 658 1454 quantum
691 1400 724 1442 si
753 1399 899 1442 fuisset
928 1414 1002 1456 pro
1032 1400 1201 1443 domino
1228 1401 1464 1443 crucifixus.
1500 1406 1603 1443 tunc
1631 1401 1741 1443 enim

156 1464 258 1507 fides
292 1464 378 1507 eius
411 1465 462 1507 de
500 1465 610 1521 ligno
655 1465 812 1516 floruit,
861 1467 1029 1521 quando
1075 1466 1374 1523 discipulorum
1416 1467 1609 1517 marcuit,
1644 1467 1736 1518 nisi,

156 1530 272 1572 cuius
320 1531 468 1573 mortis
515 1536 670 1573 terrore
712 1537 961 1584 marcuerat,
1008 1532 1094 1575 eius
1126 1533 1425 1575 resurrectione
1458 1533 1740 1575 reuiresceret.

157 1595 214 1637 illi
241 1596 351 1638 enim
378 1597 706 1652 desperauerunt
733 1598 784 1640 de
808 1598 1024 1649 moriente,
1048 1598 1114 1640 ille
1140 1598 1326 1654 sperauit
1354 1599 1397 1640 in
1422 1599 1742 1649 commoriente;

156 1662 398 1717 refugerunt
440 1662 497 1704 illi
539 1668 754 1706 auctorem
795 1663 923 1715 uitae,
966 1664 1133 1719 rogauit
1175 1664 1241 1706 ille
1283 1669 1519 1707 consortem
1562 1678 1741 1720 poenae3

155 1727 379 1770 doluerunt
411 1728 469 1770 illi
501 1733 721 1784 tamquam
754 1729 931 1772 hominis
949 1735 1141 1780 mortem,
1168 1730 1348 1772 credidit
1376 1730 1442 1773 ille
1469 1735 1743 1786 regnaturum

154 1807 240 1836 esse
272 1799 369 1850 post
400 1799 598 1846 mortem;
642 1795 914 1838 deseruerunt
947 1795 1005 1838 illi
1037 1810 1278 1852 sponsorem
1311 1795 1472 1847 salutis,
1518 1796 1742 1839 honorauit

155 1859 220 1901 ille
262 1859 419 1902 socium
460 1859 604 1903 crucis.
668 1861 843 1904 inuenta
890 1867 953 1903 est
996 1861 1038 1904 in
1082 1875 1130 1904 eo
1172 1875 1368 1904 mensura
1411 1862 1622 1918 martyris,
1672 1862 1743 1918 qui

156 1932 257 1967 tunc
297 1925 341 1966 in
374 1925 585 1968 Christum
627 1926 818 1978 credidit,
862 1928 1032 1983 quando
1074 1927 1318 1970 defecerunt
1352 1928 1423 1982 qui
1456 1928 1589 1970 futuri
1621 1934 1742 1970 erant

156 1996 374 2046 martyres.
432 1996 474 2034 et
522 1992 599 2034 hoc
649 1992 817 2048 quidem
865 1993 992 2035 oeulis
1039 1993 1199 2035 domini
1231 1993 1390 2035 clarum
1423 1993 1518 2043 fuit,
1553 1994 1626 2049 qui
1658 2007 1743 2036 non

157 2056 370 2111 baptizato
404 2062 624 2112 tamquam
656 2058 847 2113 martyrii
880 2059 1081 2114 sanguine
1115 2058 1260 2101 abluto
1294 2063 1461 2101 tantam
1494 2059 1741 2101 felicitatem

155 2122 302 2164 statim
335 2122 527 2166 contulit.
570 2123 643 2166 sed
675 2123 804 2166 etiam
836 2129 1028 2167 nostrum
1062 2124 1153 2180 quis
1187 2137 1270 2167 non
1303 2124 1549 2176 consideret,
1577 2131 1741 2180 quanta

248 2260 270 2294 3
286 2259 331 2295 cf.
348 2259 433 2296 Luc.
446 2261 499 2302 22,
514 2261 555 2296 19
663 2262 707 2296 οἱ.
730 2261 744 2296 I
764 2261 886 2303 Cor.6‚
902 2261 952 2298 15.
973 2261 1065 2308 Eph.
1078 2262 1169 2304 5‚30
1273 2263 1294 2297 4
1314 2261 1433 2304 Ioh.3,
1449 2263 1469 2298 5
1571 2262 1592 2297 6
1605 2261 1738 2298 Matth.

160 2320 213 2361 10,
229 2319 273 2355 39
343 2320 386 2355 10
403 2320 446 2354 cf.
466 2320 550 2356 Luc.
568 2321 622 2363 23,
637 2323 681 2356 42
754 2322 796 2357 12
811 2321 857 2357 cf.
875 2320 1044 2368 Cypriani
1057 2321 1174 2368 Epist.
1193 2322 1235 2357 73
1251 2321 1384 2367 (CSEL
1402 2321 1458 2356 III
1478 2333 1510 2368 p.
1528 2323 1548 2357 2
1564 2333 1647 2368 pag.
1659 2321 1739 2365 796)

155 2379 199 2413 cf.
219 2379 377 2415 Retract.
398 2379 414 2415 1
431 2381 473 2416 25
493 2380 529 2415 11
546 2382 589 2416 44
606 2380 736 2426 (CSEL
755 2380 917 2418 XXXVI
939 2382 1012 2418 125.
1032 2381 1124 2426 153).
1147 2381 1200 2417 De
1216 2381 1394 2427 baptismo
1416 2382 1464 2418 IV
1483 2383 1536 2423 22,
1555 2383 1598 2417 29
1611 2381 1741 2426 (CSEL

160 2437 208 2473 LI
224 2439 302 2484 257)
394 2441 435 2475 21
453 2440 499 2475 cf.
517 2439 648 2476 Matth.
667 2440 723 2484 26,
739 2440 782 2477 56
874 2442 916 2478 27
932 2441 979 2477 ci.
996 2441 1079 2478 Luc.
1102 2442 1156 2484 23,
1172 2443 1216 2477 43

248 2537 264 2570 1
283 2535 484 2571 offerendas
498 2535 540 2570 M
640 2537 661 2572 2
675 2535 758 2583 nisi]
774 2536 868 2573 unde
882 2537 911 2572 C
1006 2539 1027 2574 3
1043 2536 1330 2573 nisi-ChristiE
1346 2537 1387 2573 in
1402 2549 1467 2584 my.
1481 2539 1536 2573 ml
1639 2537 1692 2572 his
1708 2538 1739 2572 E

158 2595 178 2629 4
194 2593 262 2629 nisi
277 2594 338 2640 qui
354 2594 397 2629 M
487 2596 509 2631 5
524 2595 644 2632 fuerat
657 2597 690 2632 A
797 2596 925 2643 spiritu
942 2600 1066 2634 saneto
1078 2597 1097 2633 b
1187 2597 1209 2633 6
1224 2597 1260 2632 in
1273 2609 1337 2633 om.
1353 2597 1372 2632 b
1470 2598 1492 2633 8
1504 2597 1691 2633 menbrum
1706 2598 1738 2632 A

160 2652 202 2688 10
213 2663 275 2690 cru
291 2658 392 2690 cruce
402 2655 441 2689 M
493 2657 532 2692 11
552 2649 705 2701 §iudicio
719 2656 748 2692 C
803 2657 845 2693 12
861 2655 1054 2703 ciprianoG
1112 2658 1154 2694 13
1170 2659 1427 2704 computantur
1442 2656 1532 2693 CEG
1579 2656 1614 2692 in
1632 2667 1694 2692 suo
1706 2657 1739 2692 Ε

159 2713 202 2749 14
218 2713 377 2750 fomente
389 2713 423 2750 D
437 2714 490 2760 (er
503 2726 529 2751 s.
546 2726 632 2752 eras.
647 2715 727 2761 liu.)
746 2716 999 2763 praeueniente
1008 2717 1052 2753 Μ
1142 2717 1416 2763 persequutione
1426 2718 1491 2752 AC
1591 2717 1632 2752 19
1649 2715 1740 2763 eius]

157 2771 258 2809 euius
269 2773 302 2810 E
356 2773 620 2818 reuiseresceret
632 2775 662 2811 C'
675 2775 907 2812 reuiuesceret
919 2776 953 2812 D
967 2775 1194 2813 reuiuisceret
1209 2777 1252 2819 E,
1262 2777 1281 2813 b
1290 2777 1332 2812 in
1341 2788 1408 2822 my.
1464 2777 1501 2812 21
1520 2779 1685 2812 consorte
1695 2776 1738 2811 Μ

87 2845 90 2848 ’
159 2831 385 2879 238ροηιοῐδ
398 2834 478 2881 A(e
496 2844 537 2871 ex
554 2838 578 2871 u
594 2845 679 2871 corr.
696 2835 867 2882 uid.),au.
884 2847 905 2872 o
922 2846 964 2872 ex
979 2847 1015 2879 u,
1031 2847 1066 2872 re
1084 2835 1124 2872 in
1139 2846 1207 2872 rae.
1226 2837 1258 2872 Ε
1333 2837 1376 2873 28
1395 2835 1455 2882 qui
1470 2837 1503 2872 A
