2028 3204
127 995 164 1023 10

129 1326 166 1355 15

127 1658 170 1686 ‘20

130 1999 171 2027 25

764 258 839 294 cap.
872 246 927 290 36,
958 247 1107 288 42-38,
1140 247 1182 282 45
1682 235 1769 277 ‘265

189 375 312 418 fuisse
331 375 372 418 in
391 380 512 418 tanta
531 374 600 417 illa
617 373 901 424 multitudine,
922 373 992 429 qui
1011 374 1141 416 ullum
1159 373 1331 416 haberet
1350 372 1520 415 omnino
1539 378 1772 428 peccatum.

190 442 301 498 quod
318 441 352 484 si
368 440 713 484 absurdissimum
730 445 793 482 est
810 439 957 490 dicere,
977 453 1050 482 cur
1072 440 1185 482 nulla
1208 444 1381 495 peecata
1403 453 1547 482 eorum
1569 439 1776 495 scriptura

188 507 545 553 commemorauit.
586 520 692 562 quae
730 511 900 549 tantum
938 506 1095 548 bonum
1134 506 1231 548 fidei
1269 519 1413 548 eorum
1450 519 1775 548 (commemorare,

189 573 385 618 curauit?

296 653 359 694 44.
387 652 465 693 Sed
489 652 565 693 hoe
587 651 715 693 etiam
736 651 823 706 ipse
847 650 1020 693 forsitan
1043 650 1150 693 uidit
1171 656 1211 692 et
1235 650 1326 692 ideo
1348 650 1524 692 subiecit
1546 658 1674 705 atque
1695 649 1775 692 ait:

189 718 257 760 sed
281 722 371 769 esto,
399 718 494 759 aliis
519 717 761 771 temporibus
785 716 921 759 turbae
944 717 1227 759 numerositate
1251 717 1433 759 omnium
1457 716 1778 759 dissimulauerit

191 788 349 838 peccata
390 788 607 837 conteoeeroe
644 784 689 826 in
729 784 820 836 ipso
851 783 987 825 statim
1022 782 1168 825 mundi
1209 782 1441 836 primordio,
1476 782 1548 825 ubi
1578 796 1660 825 non
1692 782 1779 824 nisi

191 855 375 904 quattuor
390 850 569 892 homines
581 854 705 900 erant,
718 849 827 904 quid,
841 849 991 904 inquit,
1005 849 1192 897 dicimus,
1214 863 1284 891 cur
1302 863 1384 891 non
1404 850 1587 891 omnium
1606 849 1779 891 uoluerit

191 917 333 959 delicta
352 916 598 958 memorare?
621 920 807 958 utrumne
827 917 1000 970 inqentis
1021 916 1297 958 multitudinis
1319 930 1453 966 causa,
1477 930 1578 969 quae
1598 915 1776 957 nondum

192 988 286 1035 erat,
311 998 365 1025 an
381 984 478 1037 quia
496 983 656 1025 illorum
673 987 830 1025 tantum
850 984 922 1036 qui
942 984 1221 1024 commiserant
1242 983 1437 1032 meminit,
1458 982 1572 1024 illius
1594 996 1687 1024 uero
1709 982 1781 1035 qui

192 1050 307 1091 nulla
320 1050 568 1091 commiserat
581 1050 812 1092 meminisse
825 1063 906 1091 non
921 1049 1080 1102 potuit?
1110 1050 1247 1092 adhuc
1262 1049 1453 1103 adiungit
1469 1049 1609 1098 uerba,
1627 1048 1778 1103 quibus

194 1116 273 1158 ista
299 1115 509 1158 sententia
536 1115 701 1158 uberius
729 1121 769 1158 et
799 1115 961 1171 planius
988 1121 1222 1158 astruatur:
1261 1119 1368 1165 certe,
1397 1115 1546 1170 inquit,
1577 1116 1707 1168 primo
1735 1115 1780 1156 in

194 1186 364 1236 tempore
382 1182 514 1224 Adam
532 1186 565 1223 et
583 1182 687 1229 Eua,
707 1195 756 1222 esc
765 1181 909 1236 quibus
927 1181 1035 1224 Cain
1052 1186 1085 1223 et
1102 1182 1202 1224 Abel
1212 1183 1300 1223 nati
1309 1186 1415 1230 sunt,
1429 1185 1614 1235 quattuor
1624 1185 1780 1223 tantum

194 1249 372 1290 homi-nes
395 1248 523 1301 fuisse
543 1248 778 1301 reseruntur.
816 1249 994 1301 peccauit
1012 1248 1105 1290 Eua
1129 1274 1181 1277 —
1197 1249 1399 1301 scriptura
1424 1248 1494 1289 boc
1511 1246 1689 1300 prodidit
1712 1271 1778 1297 —-,

197 1314 331 1357 Adam
354 1327 504 1368 quoque
524 1313 690 1367 deliquit
722 1339 774 1343 κ
805 1313 940 1356 eadem
963 1315 1165 1367 scriptura
1194 1327 1275 1355 non
1297 1314 1420 1356 tacuit
1441 1339 1506 1360 —.
1523 1313 1592 1355 sed
1618 1318 1651 1354 et
1673 1313 1782 1355 Cain

196 1395 374 1434 peccasse
428 1381 521 1433 ipsa
578 1394 698 1434 aeque
751 1380 953 1433 scriptura
1013 1384 1152 1422 testata
1205 1384 1271 1429 est,
1317 1394 1485 1434 quorum
1534 1393 1615 1421 non
1669 1379 1784 1421 modo

197 1451 365 1500 peccata,
414 1460 551 1488 uerum
579 1447 695 1487 etiam
724 1450 971 1499 peccatorum
998 1446 1150 1488 indicat
1177 1446 1419 1500 qualitatem.
1454 1446 1596 1500 quodsi
1624 1450 1657 1487 et
1682 1445 1782 1487 Abel

196 1516 400 1566 peccasset.
429 1513 499 1554 hoe
524 1513 613 1553 sine
638 1512 758 1554 dubio
783 1513 985 1565 scriptura
1011 1512 1198 1565 dixisset·
1235 1512 1304 1554 sed
1332 1526 1415 1554 non
1441 1512 1570 1554 dia'it:
1598 1525 1685 1566 erqo
1712 1525 1783 1553 nec

196 1579 263 1620 ille
278 1579 469 1632 peccauit,
488 1579 589 1632 quin
609 1579 727 1620 etiam
750 1579 904 1620 iustum
921 1579 1100 1621 ostendit.
1134 1578 1341 1621 credamus
1357 1579 1481 1633 iqitur
1496 1578 1599 1633 quod
1615 1578 1782 1632 leqimus

198 1649 232 1686 et
261 1644 364 1699 quod
392 1659 475 1686 non
503 1645 670 1699 leqimus
699 1644 814 1698 nefas
843 1645 1049 1687 credamus
1078 1649 1265 1687 astruere.

305 1722 558 1765 XXXVIII.
577 1722 639 1764 45.
656 1722 770 1765 Haec
782 1722 922 1764 dicens
935 1737 1084 1778 parum
1106 1722 1416 1778 adtenditquod
1435 1723 1560 1778 paulo
1579 1728 1677 1765 ante
1696 1722 1783 1778 ipse

197 1788 360 1830 dixerat
382 1789 475 1830 ‘iarn
494 1794 639 1830 exorta
658 1788 927 1831 multitudine
945 1789 1103 1843 generis
1122 1789 1295 1832 humani
1316 1789 1463 1832 turbae
1482 1788 1782 1831 numerositate

199 1854 381 1909 potuisse
413 1854 662 1910 scripturam
694 1854 952 1897 dissimulare
974 1855 1160 1897 omnium
1193 1861 1364 1911 peecata
1409 1856 1656 1898 contexere‘.
1705 1855 1783 1896 hoo

199 1919 308 1962 enim
336 1920 370 1962 si
397 1921 498 1963 satis
526 1920 798 1970 adtendisset,
827 1920 987 1963 uideret
1015 1921 1142 1963 etiam
1171 1921 1211 1963 in
1240 1935 1322 1964 uno
1351 1921 1516 1963 homine
1545 1921 1713 1963 turbam
1741 1926 1784 1961 et

199 1986 514 2029 multitudinem
550 1987 703 2029 leuium
739 1992 1005 2042 peccatorum
1040 1987 1105 2029 uel
1139 2001 1220 2029 non
1256 1987 1439 2042 potuisse
1475 1987 1552 2031 uel.
1588 1986 1621 2027 si
1655 1985 1783 2028 etiam

201 2051 353 2106 potuit.
384 2066 466 2094 non
495 2052 684 2094 debuisse
713 2052 928 2095 conscribi.
975 2067 1021 2095 ea
1053 2052 1207 2108 quippe
1236 2053 1391 2108 scripta
1419 2058 1530 2101 sunt,
1563 2052 1712 2108 quibus
1742 2058 1784 2093 et

202 2118 348 2160 modus
366 2118 627 2160 adhibendus
647 2118 726 2160 fuit
744 2124 786 2160 et
805 2118 946 2173 paucis
965 2118 1164 2173 exemplis
1183 2119 1235 2161 ad
1256 2119 1389 2161 multa
1408 2117 1637 2160 necessaria
1656 2118 1787 2160 lector

203 2183 483 2226 instruendus.
520 2198 615 2226 nam
642 2198 737 2225 eum
759 2184 868 2239 ipsos
892 2189 993 2226 tunc
1011 2183 1200 2226 homines
1222 2184 1315 2227 lieet
1336 2185 1472 2227 adhue
1492 2198 1660 2239 paucos.
1682 2188 1785 2239 quot.

293 2350 325 2384 ὅ.
347 2350 400 2386 12.
419 2351 462 2385 22
481 2349 640 2395 Pelagius
734 2352 786 2385 14.
809 2350 850 2385 15
866 2350 908 2386 cf.
936 2351 1022 2385 Gen.
1043 2361 1071 2386 c.
1090 2351 1111 2386 3
1204 2350 1247 2386 cf.
1272 2352 1359 2385 Gen.
1383 2361 1411 2385 c.
1430 2353 1450 2386 4

300 2453 317 2487 1
341 2451 439 2487 illum
452 2452 539 2487 Dml
641 2451 784 2486 omnino
798 2463 862 2487 om.
875 2452 960 2487 Lml
1080 2453 1110 2487 2.
1129 2452 1151 2487 8
1167 2462 1260 2498 quur
1271 2452 1364 2487 codd.
1466 2453 1487 2486 3
1502 2462 1570 2497 que
1584 2454 1726 2486 tantum
1743 2462 1786 2485 ex

206 2514 349 2557 quetam
362 2511 393 2546 E
512 2510 648 2558 eorum]
672 2511 829 2558 ipsorum
841 2512 883 2546 bd
1011 2512 1033 2547 5
1056 2511 1204 2547 forsitan
1221 2511 1295 2558 ipse
1304 2512 1347 2547 bd
1478 2512 1499 2545 6
1524 2511 1628 2546 turbe
1642 2510 1785 2546 s.l.m2L

209 2572 232 2608 8
257 2574 410 2617 quatuor
420 2571 497 2606 Vbd
595 2570 657 2617 qui
674 2571 704 2607 L
803 2571 962 2607 omnium
986 2582 1027 2606 ex
1051 2571 1234 2607 hominum
1254 2571 1341 2607 Dm2
1444 2572 1465 2607 9
1483 2581 1755 2606 commemorare
1766 2571 1785 2604 b

209 2631 252 2667 10
265 2630 533 2675 commisserant
541 2631 695 2667 LDmIR
785 2631 946 2667 meminis
956 2632 986 2667 L
1079 2634 1115 2668 11
1134 2631 1269 2676 nullam
1281 2631 1312 2666 V
1405 2642 1517 2667 comm
1522 2631 1646 2666 isserat
1656 2630 1742 2665 le
1750 2630 1779 2663 V

209 2690 459 2727 commiserant
470 2691 502 2726 B
606 2691 652 2726 ad
667 2691 753 2726 haec
762 2691 781 2726 b
888 2693 931 2728 12
945 2694 1144 2728 astruatur
1156 2692 1188 2727 P
1297 2691 1337 2727 16
1351 2691 1428 2738 ipsa
1440 2690 1542 2727 om.B
1643 2693 1738 2725 testa
1753 2688 1784 2723 B

210 2751 257 2787 18
274 2753 312 2786 ot
324 2750 391 2787 hoo
400 2750 699 2787 Dm2PRVCEbd
747 2751 789 2787 19
803 2750 989 2797 legimus(1
1004 2763 1047 2787 ea:
1062 2752 1096 2797 c)
1105 2751 1138 2787 R
1190 2752 1233 2786 20
1246 2751 1421 2787 asstruere
1431 2750 1492 2786 LP
1542 2752 1583 2786 21
1601 2749 1674 2795 ipse
1683 2748 1786 2784 om.B

211 2811 256 2846 22
273 2810 525 2847 numerositate
536 2811 572 2855 (o
587 2821 631 2847 ex
646 2822 681 2850 u,
699 2812 740 2846 ta
754 2811 794 2846 in
803 2811 886 2856 ras.)
900 2812 930 2846 V
1080 2811 1122 2847 25
1140 2810 1364 2847 multidinem
1375 2812 1404 2846 L
1556 2812 1784 2856 peccatorum

209 2869 341 2906 leuium
355 2869 430 2906 Bbd
507 2870 549 2906 26
561 2869 743 2906 debuisset
756 2869 842 2906 Bml
931 2871 975 2907 28
991 2870 1112 2918 paucis
1125 2870 1157 2905 B
1223 2871 1326 2917 quot]
1340 2871 1433 2917 quod
1446 2869 1623 2905 Lmlel
1631 2868 1786 2904 PmlBC'
