2028 3204
265 205 344 247 466
648 215 685 249 V.
721 215 849 251 Cmtra
882 213 969 250 duas
999 214 1167 261 epistulas
1197 214 1464 262 Pelagianorum

267 340 550 397 rogationibus
582 341 692 383 enim
722 340 854 383 sancti
886 340 1154 396 praecessoris
1184 341 1247 384 tui
1279 346 1321 384 et
1350 341 1541 384 Caelestii
1572 342 1841 398 responsioni·

266 406 358 457 bus,
385 407 534 461 quibus
570 420 612 448 se
654 406 767 448 beati
793 419 924 462 papae
950 406 1180 449 Innocentii
1205 406 1354 450 litteris
1380 406 1610 450 consentire
1633 407 1840 463 professus

271 477 347 522 est,
368 472 459 527 quis
479 485 561 514 non
587 471 729 514 uideat
749 471 1100 527 quemadmodum
1121 471 1175 515 sit
1194 471 1418 515 Caelestius
1439 472 1670 529 conligatus
1691 478 1734 516 et
1753 472 1843 516 uin-

268 537 359 580 culo
382 537 648 579 saluberrimo
669 536 907 589 obstrictus,
928 551 978 580 ne
998 537 1169 581 ulterius
1191 537 1407 588 defendere
1427 537 1599 581 auderet
1620 537 1663 580 in
1682 538 1839 593 baptis-

268 609 380 645 mate
392 603 658 658 paruulorum
670 616 752 645 non
764 602 923 645 dimitti
941 603 1136 659 originale
1155 603 1402 658 peccatum?
1424 603 1668 646 uenerabilis
1687 603 1840 659 quippe
1867 616 1885 644 5

267 668 496 710 Innocentii
531 668 712 724 episcopi
746 668 795 710 dc
828 670 906 711 hac
940 682 982 711 re
1015 668 1097 711 ista
1129 673 1227 711 sunt
1261 669 1388 711 uerba
1420 668 1475 711 ad
1507 668 1842 724 Carthaginiense

266 734 502 776 concilium:
528 733 794 776 liberum
824 733 993 785 enim,
1018 733 1167 788 inquit,
1189 733 1528 776 arbitrium
1557 733 1702 776 olim
1731 733 1843 777 ille

271 813 620 855 perpessus,
645 800 762 842 dum
793 799 903 849 suis
934 799 1372 842 inconsultius
1401 799 1611 842 utitur
1647 799 1839 850 bonis,

267 866 495 908 cadens
526 865 577 907 in
607 864 1196 920 praeuaricationis
1226 864 1537 920 profunda
1566 865 1842 908 demersus

264 930 427 973 nihil
460 931 957 986 quemadmodum
989 930 1211 973 exinde
1242 932 1738 986 surgere'posset
1770 930 1839 972 in·
1868 940 1912 970 ιο

266 996 442 1038 uenit
481 1009 710 1051 suaque
748 996 805 1038 in
841 1001 1156 1039 aeternum
1194 995 1504 1038 libertate
1541 995 1840 1051 deceptus

266 1062 447 1104 huius
476 1061 694 1104 ruinae
725 1062 1031 1105 latuisset
1060 1074 1376 1117 oppressu,
1404 1060 1526 1103 nisi
1556 1074 1678 1103 eum
1706 1065 1845 1116 post

265 1127 507 1169 Christi
550 1140 652 1182 pro
704 1140 808 1170 sua
856 1127 1065 1183 gratia
1115 1126 1469 1169 releuasset
1519 1127 1842 1177 aduentus,

268 1193 369 1247 qui
405 1206 507 1248 per
543 1206 734 1235 nouae
771 1192 1281 1248 regenerationis
1317 1191 1842 1247 purificationem

266 1272 414 1301 omne
441 1258 859 1312 praeteritum
885 1258 1110 1301 uitium
1137 1257 1218 1300 sui
1244 1257 1657 1312 baptismatis
1683 1257 1842 1299 laua-
1872 1267 1910 1298 15

267 1337 290 1366 c
306 1337 325 1365 r
342 1337 364 1366 o
408 1337 435 1379 p
454 1338 479 1366 u
496 1336 516 1364 r
533 1337 558 1379 g
575 1337 600 1365 a
617 1338 643 1366 u
660 1323 673 1365 i
690 1328 721 1365 t.
767 1323 869 1379 quid
904 1323 984 1366 ista
1021 1323 1127 1366 sedis
1163 1322 1412 1378 apostolicae
1450 1322 1658 1365 sententia
1693 1322 1842 1365 clarius

266 1395 393 1444 atque
433 1389 723 1431 manifestius?
769 1389 862 1432 huic
904 1403 944 1431 se
985 1388 1209 1431 Caelestius
1250 1387 1478 1430 consentire
1519 1388 1723 1444 professus
1764 1392 1840 1439 est,

267 1455 448 1510 quand0‚
481 1468 575 1497 cum
616 1455 674 1496 illi
713 1468 738 1497 a
778 1459 923 1497 sancto
963 1467 1217 1510 praecessore
1258 1458 1330 1496 tuo
1358 1453 1517 1497 dictum
1558 1459 1682 1497 esset:
1727 1452 1842 1495 illa

268 1520 445 1562 omnia
471 1521 719 1563 damnas
743 1534 891 1575 quae
929 1515 1176 1562 iactata
1211 1524 1354 1562 sunt
1385 1520 1444 1562 de
1475 1519 1691 1561 nomine
1717 1518 1839 1561 tuo?

266 1586 351 1641 ipse
377 1585 606 1640 respondit:
632 1586 777 1628 damno
794 1586 1010 1628 secundum
1029 1586 1261 1628 sententiam
1283 1585 1413 1627 beatae
1435 1586 1646 1627 memoriae
1668 1597 1840 1638 praeces-
1869 1595 1912 1624 20

269 1651 370 1694 soris
391 1652 452 1693 tui
470 1652 710 1693 Innocentii.
735 1651 844 1693 inter
864 1656 1000 1693 cetera
1019 1656 1174 1702 autem,
1197 1663 1301 1706 quae
1323 1651 1372 1692 de
1393 1650 1558 1692 nomine
1579 1650 1664 1692 eius
1685 1649 1842 1691 iactata

266 1716 446 1768 fuerant,
471 1717 667 1759 diaconus
691 1716 890 1758 Caelestio
913 1716 1111 1759 Paulinus
1135 1716 1353 1767 obiecerat,
1372 1717 1483 1771 quod
1507 1715 1661 1759 diceret
1687 1715 1840 1770 ‘pecca-

268 1787 361 1825 tum
384 1782 498 1824 Adae
522 1782 598 1837 ipsi
621 1782 693 1823 soli
717 1781 896 1824 obfuisse
920 1786 960 1824 et
982 1795 1062 1823 non
1093 1781 1229 1837 generi
1260 1782 1440 1836 humano
1464 1786 1505 1823 et
1528 1781 1639 1836 quod
1661 1780 1839 1823 infantes

267 1861 400 1903 nuper
426 1847 512 1889 nati
543 1847 585 1888 in
614 1861 660 1889 eo
690 1852 804 1890 statu
833 1852 981 1898 essent,
1011 1847 1052 1888 in
1078 1860 1158 1902 quo
1187 1846 1322 1889 Adam
1348 1846 1428 1889 fuit
1463 1850 1561 1888 ante
1587 1845 1833 1901 peccatum‘.

268 1913 440 1969 proinde
474 1913 506 1954 si
537 1912 699 1954 obiecta
730 1912 894 1955 Paulini
927 1912 1151 1955 secundum
1183 1912 1431 1954 sententiam
1463 1911 1575 1954 beati
1606 1923 1737 1966 papae
1770 1910 1837 1952 In·
1866 1922 1908 1951 25

269 1978 448 2021 nocentii
466 1978 601 2021 ueraci
619 1979 739 2021 corde
757 1984 882 2033 atque
898 1978 1212 2028 oredmnnaret,
1231 1977 1331 2033 quid
1348 1977 1384 2019 ei
1400 1981 1632 2019 remaneret
1649 1976 1838 2031 deinceps

270 2045 380 2087 unde
411 2044 678 2086 contenderet
707 2044 868 2086 nullum
899 2057 984 2086 esse
1015 2057 1066 2085 ex
1096 2042 1319 2098 praeterita
1348 2042 1467 2098 primi
1498 2041 1675 2085 hominis
1706 2047 1839 2084 trans-

269 2110 474 2166 gressione
505 2109 547 2152 in
576 2109 758 2165 paruulis
788 2109 951 2160 uitium,
982 2109 1094 2164 quod
1122 2122 1194 2163 per
1223 2121 1352 2150 nouae
1383 2106 1700 2163 regenerationis
1729 2106 1839 2162 puri-

370 2252 388 2286 7
407 2251 449 2286 ci.
478 2251 565 2296 Aug.
585 2249 687 2295 epist.
708 2250 783 2292 1251,
803 2253 821 2286 ’ἱ
839 2249 969 2294 (CSEL
985 2249 1184 2284 XXXXIV
1201 2249 1276 2291 709,
1295 2250 1349 2293 14)
1424 2249 1477 2283 20.
1496 2247 1539 2283 22
1556 2247 1748 2284 Caelestius

374 2346 389 2380 1
411 2345 687 2391 praedecessoris
698 2345 730 2379 Γ
749 2345 807 2390 (de
825 2357 868 2380 m.
890 2356 952 2381 rec.
979 2345 1144 2390 add.)‚Fb
1239 2344 1261 2379 3
1276 2342 1588 2390 quemammodum
1604 2343 1764 2388 (passim)
1777 2342 1837 2379 00

268 2406 290 2441 6
308 2405 465 2451 episcopi
481 2405 580 2441 om.V
642 2416 682 2440 ac
697 2404 780 2442 Oml
843 2404 1085 2451 cartaginense
1097 2406 1129 2440 D
1178 2407 1198 2441 7
1215 2402 1436 2440 consiliumO
1484 2402 1578 2438 enim
1594 2403 1682 2438 amb
1725 2402 1747 2437 8
1762 2412 1839 2448 per-

271 2477 399 2511 pensus
412 2468 446 2503 D
519 2465 716 2510 inconsulte
729 2466 761 2500 D
850 2465 871 2499 9
891 2463 1062 2504 dimersus
1075 2464 1170 2499 BEF
1258 2463 1300 2498 12
1316 2462 1481 2498 iacuisset
1491 2463 1512 2497 α’
1587 2464 1660 2507 posi
1677 2460 1839 2497 latuisset

268 2536 336 2562 ras.
355 2522 376 2557 2
392 2525 458 2562 lite.
470 2524 502 2560 V
574 2535 758 2571 oppressus
778 2523 876 2560 DEF
943 2524 985 2559 13
1002 2521 1212 2568 releuasset]
1228 2520 1622 2558 liberassetOBEFVbd
1682 2520 1724 2555 15
1740 2530 1840 2566 prae·

270 2584 406 2622 teritio
422 2584 468 2630 (ti
483 2594 525 2620 ex
540 2584 703 2630 τι·ι),οΕΙ«Ἴ
786 2582 986 2619 batismatis
1000 2585 1030 2619 B
1118 2583 1159 2618 17
1175 2581 1300 2618 celsius
1308 2583 1391 2619 Oml
1473 2581 1515 2618 18
1531 2579 1793 2626 praedecessore
1807 2581 1839 2616 B

272 2644 316 2679 19
333 2644 446 2690 quaV
521 2643 561 2678 21
579 2643 758 2680 innocenti
766 2644 851 2680 OmI
921 2642 966 2677 22
981 2645 1059 2679 ante
1073 2642 1214 2678 fuerant
1231 2652 1306 2688 exp.
1324 2642 1451 2678 suntD
1518 2638 1705 2676 diaconoO
1763 2638 1839 2675 obi-

271 2705 405 2740 cerato
460 2703 503 2738 23
513 2703 579 2749 ipsi
590 2703 654 2738 soli
662 2704 691 2740 0
701 2701 913 2748 (utrumquei
924 2703 988 2746 jin.
1002 2712 1043 2737 ex
1052 2703 1090 2748 n)
1144 2701 1188 2736 24
1197 2701 1233 2736 in
1243 2703 1474 2736 eom-statu
1485 2699 1637 2736 essentO
1645 2698 1703 2744 (nt
1711 2696 1838 2750 831.m2)

270 2765 388 2799 essent
415 2765 513 2798 statu
532 2763 638 2799 Ede
755 2762 861 2799 adam
886 2773 965 2808 pon.
993 2763 1067 2807 post
1092 2764 1276 2807 peccatum
1296 2760 1360 2797 EF
1486 2758 1529 2794 25
1545 2757 1643 2794 beati
1656 2758 1686 2795 Ο
1703 2757 1730 2803 (i
1746 2767 1788 2793 ea:
1802 2758 1839 2802 e)

271 2822 452 2858 innocenti
461 2823 545 2860 0m1
622 2822 666 2858 26
682 2833 740 2858 ora
756 2821 840 2859 Oml
917 2821 959 2857 27
977 2819 1178 2857 conderetO
