2028 3204
849 229 937 267 liber
968 229 985 265 1
1017 230 1049 272 2,
1080 231 1181 272 5-3,
1213 231 1235 266 6
1749 220 1833 262 427

375 357 455 400 ΙΙΙ.
481 357 518 400 6.
553 356 635 400 Sed
660 370 711 399 no
735 355 843 399 forte
870 355 1014 399 dicant
1036 357 1089 399 ad
1117 355 1197 399 hoo
1221 370 1308 398 csso
1339 355 1520 404 adiutos,
1551 362 1598 398 ut
1627 355 1829 399 habereut

255 428 513 480 potestatem
530 420 624 466 fieri
639 421 715 465 filii
731 421 798 465 dei
811 447 871 454 —
890 427 938 465 ut
958 427 1103 465 autem
1122 423 1230 465 hanc
1245 421 1430 478 accipere
1441 427 1709 471 morerentur,
1722 421 1834 477 prius

257 503 353 532 eum
398 488 526 531 libero
571 487 743 531 arbitrio
786 486 902 531 nulla
944 487 1080 531 adiuti
1123 487 1258 543 gratia
1310 492 1574 543 receperunu
1620 488 1723 530 have
1771 493 1834 530 est

258 554 413 611 quippe
446 553 641 604 intentio,
673 567 756 610 qua
781 553 962 610 gratiam
993 553 1203 596 destruere
1237 552 1480 603 moliuntur,
1522 558 1569 595 ut
1607 566 1700 595 vam
1743 552 1833 595 dari

211 633 229 663 ⁶
257 620 487 664 seeundum
513 619 663 662 merita
687 623 832 662 nostra
856 618 1114 662 contendant
1143 644 1204 662 —-.
1239 632 1289 661 ne
1320 618 1426 660 forte
1453 632 1547 673 orgo
1574 618 1681 660 hano
1709 631 1834 660 euan-

256 686 429 742 gelicam
463 685 716 728 sententiam
753 684 811 727 sic
846 684 1052 735 diuidant,
1091 689 1139 727 ut
1171 685 1366 726 meritum
1395 689 1554 739 ponant
1576 684 1617 726 in
1643 698 1690 726 eo
1721 684 1831 739 quod

257 752 541 794 dictumest:
586 755 901 806 quotquot
946 755 1147 793 autem
1192 754 1572 805 receperunt
1614 763 1737 792 eum
1785 762 1833 791 ac

258 817 407 860 deinde
434 829 518 859 non
536 816 665 872 gratis
695 817 854 867 datam,
874 816 945 858 sed
973 816 1068 858 huie
1100 816 1249 858 merito
1277 816 1486 857 redditam
1515 815 1693 871 gratiam
1719 815 1758 857 in
1786 829 1834 857 eo

261 883 373 938 quod
430 882 638 938 sequitur:
682 882 856 924 dedit
900 882 987 924 eis
1039 887 1430 937 potestatem
1497 881 1677 922 filios
1737 881 1832 922 dei

191 961 230 991 ιο
258 949 276 992 f
289 949 302 991 i
319 963 340 992 e
357 949 419 999 ri,
466 948 685 1003 numquid,
750 948 782 990 si
831 952 1056 1003 quaeratur
1112 947 1165 990 ab
1217 947 1273 989 eis
1322 947 1420 1003 quid
1471 947 1525 989 sit
1582 948 1837 1001 ‘receperunt

255 1015 378 1066 eum‘,
419 1013 571 1056 dicturi
604 1018 703 1056 sunt
734 1013 845 1056 aliud
879 1012 959 1055 nisi
996 1013 1273 1055 ‘crediderunt
1304 1013 1346 1054 in
1376 1012 1520 1055 eum‘?
1568 1018 1615 1055 ut
1644 1012 1770 1067 igitur
1795 1018 1837 1054 et

259 1080 335 1123 hoc
363 1079 497 1123 sciant
527 1079 579 1121 ad
614 1079 794 1134 gratiam
827 1079 1045 1135 pertinere,
1076 1079 1216 1135 legant
1250 1079 1360 1134 quod
1403 1079 1462 1120 ait
1500 1078 1734 1134 apostolus:
1779 1078 1790 1119 i
1809 1091 1836 1120 n

256 1145 430 1188 nullo
464 1145 922 1201 expauesoatis
959 1145 1032 1187 ab
1074 1145 1486 1194 aduersariis,
1523 1157 1674 1199 quae
1713 1143 1834 1199 qui-

261 1212 385 1254 dem
466 1216 560 1254 est
621 1210 761 1253 illis
837 1224 1023 1253 eausa
1099 1210 1514 1266 perditionis,
1576 1215 1835 1251 uestrae

190 1289 227 1320 15
257 1283 464 1321 autem
536 1276 794 1327 salutis,
861 1281 917 1319 et
981 1277 1090 1319 hoo
1158 1289 1183 1318 a
1250 1276 1370 1326 deo,
1441 1275 1587 1331 quia
1651 1274 1833 1317 uobis

256 1343 558 1386 donatum
627 1348 721 1385 est
786 1355 890 1398 pro
956 1342 1223 1384 Christo
1284 1356 1395 1384 non
1456 1346 1703 1383 tantum
1768 1345 1834 1382 ut

255 1408 549 1451 credatis
592 1408 649 1451 in
681 1421 825 1458 eum,
867 1410 972 1450 sed
1015 1412 1080 1450 ut
1118 1408 1310 1450 etiam
1343 1407 1689 1463 patiamini
1728 1419 1833 1462 pro

257 1488 277 1517 e
298 1489 321 1517 o
338 1500 397 1506 —
412 1487 562 1530 nempe
579 1481 804 1529 utrumque
821 1473 930 1516 dixit
947 1487 1034 1517 esse
1055 1475 1260 1516 donatum
1278 1499 1349 1525 —-,
1370 1473 1470 1515 item
1489 1474 1599 1528 quod
1618 1472 1698 1515 ait:
1723 1485 1750 1528 p
1768 1486 1792 1514 a
1810 1485 1836 1513 x

258 1539 578 1583 fratribus
617 1545 674 1582 et
726 1539 968 1582 caritas
1009 1552 1134 1582 eum
1177 1539 1306 1581 fide
1346 1552 1371 1580 a
1406 1539 1513 1581 deo
1555 1543 1732 1594 patre
1776 1542 1833 1579 et

186 1617 230 1648 zo
256 1606 280 1648 d
303 1620 326 1649 o
343 1606 413 1648 mi
433 1619 460 1648 n
478 1620 500 1649 o
543 1606 561 1647 1
580 1619 600 1648 e
618 1619 635 1647 s
654 1619 680 1647 u
739 1606 768 1649 C
786 1605 846 1647 hr
865 1605 911 1647 is
930 1610 948 1647 t
966 1619 1001 1647 o.
1051 1605 1192 1661 legant
1243 1605 1371 1647 etiam
1420 1604 1535 1652 illud,
1583 1604 1694 1659 quod
1748 1603 1834 1658 ipse

256 1672 450 1715 dominus
481 1671 561 1714 ait:
607 1684 792 1713 nemo
843 1675 1083 1726 potest
1134 1671 1377 1713 uenire
1429 1672 1499 1713 ad
1551 1668 1834 1719 me‚11isi

256 1743 446 1794 pater,
482 1737 582 1792 qui
621 1736 795 1779 misit
827 1750 921 1786 me,
955 1736 1235 1779 traxerit
1265 1750 1402 1778 oum.
1435 1735 1585 1778 ubine
1614 1735 1835 1791 quisquam

254 1809 378 1859 putet
420 1802 533 1845 aliud
578 1802 739 1845 dictum
779 1816 866 1845 esse
900 1802 1052 1845 ‘uenire
1093 1803 1146 1845 ad
1176 1803 1256 1844 me‘
1297 1815 1421 1857 quam
1464 1803 1639 1844 ‘eredere
1666 1801 1707 1843 in
1737 1802 1833 1850 me‘,

259 1868 384 1925 paulo
416 1873 525 1925 post,
557 1882 651 1910 oum
684 1869 736 1910 de
767 1882 842 1910 suo
871 1881 1041 1923 corpore
1075 1873 1118 1910 et
1150 1867 1349 1924 sanguino
1379 1867 1619 1922 loqueretur
1648 1871 1690 1908 et
1720 1879 1836 1908 sean-

186 1945 228 1976 25
256 1934 428 1977 dalizati
461 1939 599 1976 essent
639 1933 808 1989 plurimi
849 1933 889 1975 in
932 1946 1121 1976 sermone
1156 1934 1256 1983 eius,
1301 1933 1380 1975 ait:
1436 1947 1460 1975 ιι
1480 1947 1501 1974 e
1518 1946 1537 1974 r
1555 1932 1581 1974 b
1600 1947 1636 1982 a,
1683 1946 1709 1987 q
1728 1946 1753 1973 ιι
1771 1947 1794 1973 a
1812 1945 1834 1973 e

257 2013 364 2055 ego
402 1999 656 2041 locutus
698 2012 818 2040 sum
859 1998 1045 2049 uobis,
1091 1998 1356 2055 spiritus
1400 2005 1455 2040 et
1500 1997 1635 2039 uita
1676 2002 1832 2039 sunt.

258 2065 361 2107 sed
409 2071 553 2107 suut
600 2064 846 2119 quidam
889 2077 955 2107 ex
997 2063 1188 2114 uobis,
1237 2063 1337 2119 qui
1380 2076 1494 2105 non
1551 2062 1829 2104 eredunt.

254 2130 404 2173 deinde
438 2129 656 2172 subiunxit
700 2129 979 2184 euangelista:
1025 2144 1042 2172 s
1061 2129 1274 2171 ciebat
1322 2144 1342 2171 e
1363 2144 1388 2171 ιι
1408 2129 1419 2170 i
1438 2142 1479 2171 m
1522 2142 1547 2170 a
1563 2127 1590 2170 b
1639 2127 1697 2169 in
1717 2127 1833 2169 itio

258 2195 445 2247 Iesus,
500 2196 601 2252 qui
668 2200 888 2238 essent
953 2194 1289 2238 credentes
1334 2199 1392 2237 et
1454 2193 1589 2250 quis
1646 2193 1836 2236 tradi-

358 2340 388 2374 7.
406 2339 427 2373 9
447 2338 519 2374 1011.
540 2340 570 2380 1,
590 2338 630 2374 12
753 2338 792 2373 12
811 2337 899 2374 Phil.
921 2339 951 2379 1,
970 2338 1023 2373 28.
1044 2337 1087 2372 29
1211 2338 1251 2373 18
1270 2336 1360 2382 Eph.
1379 2337 1412 2378 6,
1431 2337 1473 2372 23
1585 2337 1623 2371 21
1648 2336 1719 2370 Ioh.
1739 2336 1771 2376 6,
1790 2338 1832 2371 44

255 2398 309 2434 25.
329 2398 371 2434 28
390 2398 464 2434 Ioh.
483 2398 516 2440 6,
532 2397 665 2435 64-66

358 2489 375 2523 1
393 2487 508 2524 adhue
522 2488 608 2524 Oml
694 2487 714 2522 2
731 2486 800 2522 filii
814 2486 870 2523 dei
885 2487 963 2522 fieri
977 2486 1008 2520 B
1089 2486 1180 2522 hanc
1198 2491 1318 2523 autem
1331 2486 1359 2522 C
1441 2485 1590 2530 recipere
1603 2484 1634 2519 V
1714 2484 1735 2518 3
1751 2494 1830 2519 eum

256 2546 408 2584 om.le
471 2550 491 2584 4
501 2546 720 2583 mooliuntur
729 2546 755 2592 (l
766 2547 865 2593 erae.)
877 2545 908 2580 V
969 2547 990 2582 5
1000 2545 1201 2593 euangelica
1212 2546 1241 2582 0
1294 2547 1315 2581 6
1333 2556 1402 2592 quo
1411 2546 1495 2582 Oml
1557 2546 1576 2580 7
1589 2542 1683 2590 quod
1694 2542 1788 2590 quod
1802 2541 1833 2576 V

254 2607 276 2643 8
293 2606 419 2643 datum
431 2604 464 2640 V
567 2608 609 2644 10
625 2606 788 2654 nunquid
801 2606 923 2643 Om1D
1026 2608 1066 2642 11
1084 2610 1121 2642 et
1137 2616 1180 2641 ex
1193 2605 1226 2641 ei
1246 2604 1289 2647 Β,
1306 2606 1400 2641 om.O
1493 2604 1534 2639 13
1551 2602 1790 2649 expauisoatis
1802 2599 1832 2634 V

256 2667 297 2702 15
313 2666 401 2703 adeo
417 2666 481 2703 EF
587 2666 629 2702 16
647 2665 835 2714 donatum]
851 2666 976 2703 datum
985 2666 1044 2702 GL
1153 2667 1197 2702 18
1213 2669 1278 2701 aut
1289 2665 1382 2701 Vae.
1494 2664 1535 2698 19
1552 2668 1651 2709 patre
1667 2665 1787 2698 nostro
1801 2663 1832 2697 Ο

255 2726 300 2763 20
314 2725 460 2763 domino
474 2730 596 2763 nostro
612 2726 672 2763 GL
746 2726 842 2773 legat
853 2726 914 2762 GL
987 2724 1091 2772 illud]
1110 2725 1209 2762 aliud
1223 2725 1293 2767 GL,
1311 2724 1454 2760 omma
1529 2722 1623 2759 dom.
1640 2721 1694 2758 ait
1707 2721 1780 2767 ipse
1799 2721 1832 2756 D

255 2786 299 2822 24
315 2785 411 2833 cum]
427 2797 536 2833 quam
553 2785 586 2822 V
677 2786 720 2823 27
736 2786 796 2834 ex]
811 2786 848 2821 in
861 2785 922 2822 GL
1010 2796 1082 2821 non
1099 2783 1245 2821 8.l.m2V
1336 2784 1379 2819 28
1396 2783 1491 2818 Iesus
1508 2782 1555 2817 ab
1570 2781 1676 2818 initio
1694 2780 1834 2816 DEde

256 2845 301 2882 29
315 2848 408 2882 esset
422 2845 545 2882 tradit.
561 2846 620 2882 GL
695 2844 806 2892 trad]
820 2845 1017 2882 crediturus
1027 2845 1057 2880 0
