2028 3204
257 242 340 283 282
777 254 843 290 111.
878 254 928 289 De
960 257 1088 290 natura
1119 258 1158 291 et
1187 255 1302 302 gratia

248 393 329 421 non
359 379 467 421 enim
498 386 538 421 et
569 379 632 421 ille
661 380 941 422 substantiam
970 381 1103 423 carnis
1132 388 1313 432 accusat,
1343 396 1438 426 cum
1464 382 1565 424 dicit
1593 382 1758 425 libcrari
1783 397 1825 426 se

246 459 395 500 cupere
438 446 462 486 d
484 460 504 487 e
564 459 584 487 c
603 460 625 487 0
644 459 664 486 r
679 459 706 501 p
725 460 747 487 ο
766 459 786 486 r
801 461 821 487 e
865 459 906 487 m
925 461 947 487 o
966 451 1018 488 rt
1038 446 1084 488 is
1128 447 1153 488 h
1172 461 1198 489 u
1218 447 1273 489 iu
1291 461 1323 498 s,
1367 461 1460 490 cum
1490 447 1616 490 etiam
1644 448 1824 504 corporis

246 511 353 553 sicut
379 510 542 553 animae
568 516 717 553 natura
745 511 821 553 deo
849 511 957 553 bono
982 511 1145 554 auctori
1168 511 1391 555 tribuenda
1416 513 1483 563 sit,
1509 514 1579 556 sed
1606 513 1749 569 utique
1772 514 1824 556 de

247 577 359 619 uitiis
393 576 574 631 corporis
609 576 723 618 dicit.
760 591 856 618 nam
890 578 940 619 de
974 591 1143 632 corpore
1176 591 1286 619 mors
1320 578 1501 634 corporis
1534 586 1719 634 separat,
1753 579 1823 621 sed

245 647 458 684 contracta
484 655 535 683 ex
558 641 624 683 illo
647 641 748 684 uitia
772 643 1007 692 cohaerent,
1031 642 1181 699 quibus
1203 643 1309 686 iusta
1333 658 1463 699 poena
1486 644 1674 694 debetur,
1697 658 1823 701 quam

245 707 372 750 etiam
407 707 447 749 in
485 707 644 749 inferno
682 707 746 749 ille
781 707 896 750 diues
932 708 1104 751 inuenit.
1155 708 1251 750 hinc
1285 723 1327 751 se
1362 724 1443 751 nou
1479 715 1642 765 poterat
1678 710 1822 766 utique

245 774 416 816 liberare
453 773 523 829 qui
557 773 677 815 dicit:
763 774 896 829 quis
948 788 1026 815 me
1092 773 1402 817 liberabit
1451 776 1516 817 de
1566 789 1822 830 corpore

244 853 283 881 m
304 854 326 881 ο
346 845 397 881 rt
418 839 463 880 is
499 839 524 880 h
545 853 569 880 u
590 838 601 880 i
619 854 643 881 u
662 838 712 880 s?
749 838 999 895 ubicumque
1019 844 1161 882 autem
1182 839 1305 881 istam
1326 840 1550 896 perdiderit
1571 841 1820 891 libertatem,

243 910 352 947 certe
380 904 664 959 inseparabilis
691 911 752 946 est
781 905 1031 959 possibilitas
1053 905 1122 947 illa
1142 911 1329 956 naturae,
1357 906 1483 948 habet
1511 920 1628 961 posse
1655 919 1727 961 per
1751 920 1822 948 na-

243 971 376 1013 turale
413 969 656 1019 subsidium,
689 970 815 1012 babet
847 971 950 1013 uelle
981 962 1054 1026 per
1082 970 1256 1014 liberum
1288 971 1525 1021 arbitrium;
1558 985 1630 1013 cur
1660 971 1820 1027 quaerit

243 1035 508 1092 baptismatis
540 1035 879 1078 sacramentum?
919 1050 972 1078 an
998 1041 1169 1091 propter
1192 1036 1409 1079 commissa
1436 1037 1673 1092 praeterita.
1699 1042 1746 1079 ut
1771 1051 1819 1078 ea

242 1107 411 1144 tantum
456 1101 736 1156 ignoscantur,
783 1115 888 1156 quae
933 1101 1022 1143 fieri
1066 1102 1219 1145 infecta
1263 1117 1345 1144 non
1390 1101 1596 1158 possunt?
1654 1101 1818 1144 dimitte

241 1168 465 1217 homiuem,
506 1167 657 1209 cla-met.
696 1167 806 1222 quod
845 1167 1068 1209 clamabat.
1122 1182 1205 1210 non
1244 1167 1352 1210 enim
1389 1173 1559 1210 tantum
1597 1167 1817 1211 desiderat.

242 1240 288 1276 ut
309 1248 381 1289 per
399 1232 702 1288 indulgentiam
722 1232 775 1274 sit
795 1233 846 1274 de
865 1232 1100 1288 praeteritis
1120 1233 1350 1288 inpunitus
1381 1234 1450 1275 sed
1482 1232 1609 1275 etiam
1630 1238 1674 1275 ut
1695 1233 1747 1275 sit
1767 1233 1818 1274 de

240 1305 376 1341 cetero
401 1299 452 1341 ad
470 1314 552 1341 non
572 1300 830 1353 peccandum
855 1298 972 1341 sortis
995 1304 1037 1341 et
1060 1298 1235 1341 ualidus.
1276 1299 1588 1341 condelectatur
1608 1298 1716 1340 enim
1741 1297 1818 1353 legi

240 1365 305 1407 dei
341 1366 569 1407 secundum
606 1363 844 1406 interiorem
878 1364 1102 1412 hominem,
1141 1364 1255 1406 uidet
1293 1369 1434 1406 autem
1472 1365 1597 1406 aliam
1619 1364 1749 1419 legem
1774 1363 1815 1405 in

240 1430 435 1472 membris
459 1431 541 1472 suis
565 1435 867 1485 repugnantem
890 1429 968 1485 legi
991 1429 1141 1471 mentis
1165 1443 1282 1479 suae3
1306 1430 1420 1473 uidet
1445 1444 1543 1480 esse,
1568 1443 1650 1471 non
1674 1428 1816 1471 recolit

242 1496 383 1546 fuisse:
402 1495 687 1551 praesentibus
704 1500 885 1550 urgetur,
902 1509 983 1537 non
1000 1495 1224 1550 praeterita
1240 1495 1527 1538 reminiscitur.
1557 1509 1631 1537 nec
1647 1500 1815 1536 tantuin

239 1566 540 1618 repugnantem
573 1561 701 1608 uidet,
735 1575 880 1603 uerum
912 1560 1039 1602 etiam
1070 1560 1356 1616 captiuantcm
1388 1575 1429 1604 sc
1460 1559 1502 1603 in
1529 1561 1615 1616 lege
1642 1558 1815 1615 peccati,

239 1641 346 1682 quae
366 1634 426 1669 est
446 1627 484 1668 in
505 1627 700 1668 membris
719 1626 817 1676 eius,
839 1640 921 1668 non
949 1639 1054 1681 qua-e
1082 1626 1173 1668 fuit.
1202 1626 1295 1668 hinc
1322 1633 1383 1669 est
1411 1627 1521 1681 quod
1548 1626 1721 1668 clamat:
1748 1624 1816 1666 in-

239 1693 394 1735 felix
459 1691 649 1734 homo!
710 1691 843 1747 quis
909 1705 988 1733 me
1053 1691 1363 1734 liberabit
1427 1692 1492 1733 de
1557 1703 1814 1746 corpore

239 1773 280 1800 m
298 1774 320 1799 o
339 1764 391 1800 rt
412 1758 423 1799 i
441 1773 457 1800 s
490 1758 514 1799 h
536 1772 559 1799 u
579 1757 591 1798 i
610 1772 634 1799 u
653 1757 702 1798 s?
734 1758 897 1799 sinatur
912 1770 1039 1806 orare,
1057 1756 1219 1799 sinatur
1233 1757 1487 1800 adiutorium
1505 1755 1653 1799 medici
1670 1761 1815 1811 poten-

237 1824 385 1866 tissimi
408 1823 609 1874 flagitare.
649 1823 747 1878 quid
771 1821 1102 1866 contradicitur?
1141 1822 1239 1877 quid
1262 1822 1548 1878 obstrepitur?
1571 1821 1669 1877 quid
1692 1820 1816 1863 miser

236 1889 559 1933 misericordiam
585 1888 737 1932 Christi
764 1894 902 1944 petere
928 1888 1173 1944 prohibetur
1196 1894 1236 1931 et
1262 1889 1340 1931 hoc
1365 1903 1387 1930 a
1414 1886 1689 1930 Christianis?
1715 1899 1812 1928 nam

235 1962 277 1998 ct
301 1956 358 1997 illi
381 1969 474 1998 cum
497 1954 660 1998 Christo
681 1955 969 2005 ambulabant,
1001 1954 1071 2010 qui
1090 1968 1258 1997 caccum
1276 1955 1415 1996 lumen
1435 1953 1654 1995 clamando
1673 1956 1813 2008 petere

237 2021 536 2076 prohibebant3
559 2022 630 2064 scd
658 2021 785 2063 etiam
805 2021 915 2063 inter
940 2020 1170 2063 tumultum
1197 2018 1574 2062 contradicentium
1601 2017 1717 2060 audit
1746 2016 1811 2058 ille

235 2088 500 2130 clamantem.
565 2088 672 2129 unde
716 2087 812 2129 huic
858 2100 1101 2142 responsum
1146 2091 1227 2128 est:
1287 2099 1313 2140 g
1330 2098 1389 2127 ra
1406 2089 1424 2126 t
1441 2083 1454 2126 i
1471 2097 1495 2126 a
1554 2084 1580 2125 d
1599 2082 1651 2125 ei
1710 2096 1736 2138 p
1753 2096 1775 2124 e
1792 2094 1813 2122 r

236 2153 431 2195 Iesum
477 2152 789 2194 Christum
834 2152 1137 2194 dominum
1181 2155 1472 2193 nostrum.

325 2291 346 2324 6
364 2289 409 2324 cf.
429 2290 512 2324 Luc.
530 2289 581 2330 16,
596 2288 729 2324 22-26
784 2290 802 2323 7
822 2288 926 2324 Rom.
941 2289 971 2329 7,
987 2289 1029 2323 24
1091 2287 1133 2323 15
1150 2286 1192 2323 cf.
1214 2287 1315 2322 Rom.
1330 2287 1361 2328 7,
1376 2287 1430 2321 22.
1446 2286 1488 2321 23
1543 2284 1587 2320 20
1605 2284 1706 2319 Rom.
1722 2284 1753 2324 7,
1767 2285 1810 2318 24

236 2350 279 2385 25
297 2349 340 2384 cf.
358 2349 464 2384 Marc.
484 2348 538 2390 10,
553 2349 686 2384 46-52
777 2349 820 2383 27
836 2349 939 2383 Rom.
958 2349 992 2388 7,
1012 2348 1056 2382 25

326 2453 341 2486 1
365 2450 569 2486 substantia
583 2450 613 2484 B
680 2460 715 2484 se
732 2448 876 2496 cupere]
893 2447 1157 2483 secnuuPnae
1234 2448 1255 2482 3
1272 2446 1366 2482 bona
1379 2444 1542 2480 DRBCE
1611 2442 1807 2480 auctorita}

235 2512 256 2546 4
272 2513 385 2545 ηῑιοεπ
400 2521 472 2545 non
485 2510 516 2544 V
602 2519 697 2544 mors
717 2509 747 2553 (s
765 2509 805 2544 in
822 2508 906 2554 ras.)
919 2508 949 2543 V
1033 2509 1052 2542 7
1068 2506 1148 2553 quis
1160 2505 1250 2542 dicit
1263 2507 1293 2541 B
1380 2503 1589 2540 liberauitE
1679 2503 1702 2538 9
1714 2503 1806 2538 inse-

235 2568 399 2615 parabilis
417 2568 445 2615 (i
459 2569 542 2604 med.
557 2579 583 2603 s.
602 2569 623 2603 2
641 2578 725 2604 eras,
739 2568 818 2613 litt.)
832 2568 863 2602 R
974 2570 1108 2603 natura
1119 2567 1206 2602 le
1336 2566 1378 2600 12
1395 2563 1538 2600 dimitte
1553 2562 1582 2609 (i
1596 2574 1648 2608 pr.
1666 2572 1709 2598 ex
1721 2562 1759 2608 e)
1770 2561 1803 2597 V

236 2630 276 2666 17
292 2629 359 2675 legi
384 2628 411 2674 (i
425 2639 467 2664 ex
489 2628 522 2673 e)
543 2629 574 2663 V
598 2627 712 2674 legem
733 2628 765 2662 Ε
872 2628 915 2663 18
939 2633 1110 2673 urguetur
1131 2627 1163 2660 D
1283 2626 1326 2661 19
1347 2624 1398 2671 so]
1421 2622 1486 2659 sod
1506 2623 1537 2658 V
1642 2621 1687 2658 20
1713 2620 1803 2668 eius]

234 2688 305 2724 suis
321 2689 350 2723 B
396 2687 517 2724 infelix
533 2688 572 2733 (x
588 2688 628 2722 in
640 2697 707 2723 ras.
719 2687 791 2732 m2)
805 2687 836 2720 R
883 2689 921 2722 21
942 2685 1111 2722 liberauit
1123 2683 1369 2721 DmIVC'mIE
1412 2684 1458 2719 22
1472 2681 1609 2718 sinatur
1623 2681 1652 2727 (i
1666 2691 1709 2716 ex
1721 2680 1760 2725 a)
1772 2680 1804 2715 R

232 2751 311 2784 ante
326 2759 425 2784 orare
440 2749 496 2783 m?
513 2759 535 2783 a
551 2747 616 2783 ins.
634 2747 665 2782 P
766 2748 807 2782 23
825 2745 1007 2792 flagitarit)
1107 2743 1202 2791 quod
1218 2742 1439 2789 obstrepitur
1449 2741 1480 2777 V
1582 2739 1688 2776 miser
1700 2740 1802 2776 omB

235 2810 276 2844 24
293 2819 316 2843 a
329 2807 486 2843 om.Vm1
571 2804 771 2843 christianis
785 2805 812 2851 (i
827 2806 892 2850 lin.
907 2815 950 2841 ex
966 2805 1007 2850 ιι)
1017 2804 1049 2839 V
1140 2803 1184 2840 25
1199 2803 1259 2839 illo
1276 2802 1306 2838 Β
1391 2811 1512 2838 caecos
1524 2801 1642 2837 LDml
1651 2799 1714 2836 PV
1721 2800 1804 2836 BEb

234 2866 275 2903 26
292 2866 561 2902 contradicentia
575 2865 730 2902 DmlBE
820 2865 862 2901 28
879 2867 1038 2900 nostrum
1055 2875 1119 2900 om.
1135 2863 1220 2899 le

1851 656 1869 684 5

1853 982 1890 1012 10

1850 1309 1886 1338 15

1844 1635 1886 1664 20

1841 1961 1881 1991 25
