2028 3204
645 188 713 226 111.
739 188 851 225 Index
874 185 1065 223 uerborum
1089 189 1127 222 et
1149 184 1387 221 elocutionum

272 310 307 347 11
352 311 429 352 296,
476 312 527 346 14.
584 309 686 355 longe
728 308 978 355 praestantius,

269 370 392 406 melius
409 369 515 410 1393,
532 371 582 405 14.
600 369 652 405 17.
676 368 776 415 longe
790 367 979 403 distantior
1014 362 1015 407 l

274 430 288 466 1
309 431 363 471 61,
386 431 418 471 s,
439 431 482 474 cs.
509 429 521 464 1
543 429 598 471 68,
621 429 673 464 19.
698 429 773 471 110,
794 428 825 464 2.
850 428 924 469 139,
945 428 976 462 3.
1014 412 1017 477 l

270 490 347 530 357,
375 491 405 525 2.
432 490 509 530 393,
537 490 589 524 14.
618 489 670 524 17.
708 488 810 534 longe
834 487 936 533 inpar
964 486 978 521 I

269 551 348 591 398,
372 550 423 585 16.
458 548 559 594 longe
580 548 785 594 fugiendum
810 546 825 582 I
846 548 924 589 306,
946 547 977 582 5.

271 613 343 645 tam
362 609 462 654 longe
480 608 587 643 altius
603 618 706 653 super
721 618 778 643 me
798 606 813 642 I
830 608 907 648 387,
926 608 978 642 24.

270 669 371 714 longe
393 668 535 703 discreti
559 667 573 702 I
595 668 672 709 504,
697 668 748 703 18.
784 670 858 702 tam
880 666 981 712 longe

272 729 410 764 futuros
442 727 613 762 hereticos
648 726 663 762 I
694 727 771 768 546,
804 728 835 762 9.
880 726 982 772 longe
1017 719 1019 755 ἶ

272 799 377 835 supra
408 787 421 822 1
449 787 526 829 225,
554 789 585 822 2.
626 797 733 833 quam
759 786 861 832 longe
888 786 936 822 sit
961 797 983 820 a
1018 795 1019 820 ῑ

272 847 485 894 perfectione
511 846 527 882 I
551 847 627 888 225,
654 846 705 882 15.
742 846 843 892 longe
867 857 888 881 a
911 846 982 881 fide

272 907 469 943 exorbitare
499 906 512 941 I
538 908 617 948 340,
643 907 674 942 9.
714 910 856 941 tantum
882 906 983 951 longe
1018 912 1020 919 ’

272 972 325 1002 est
343 967 394 1013 (2
416 970 556 1002 tantum
576 966 692 1011 abest)
711 969 751 1001 ut
768 986 813 991 —-
832 969 873 1001 ut
894 965 909 1000 I
928 967 982 1007 92,

275 1028 328 1063 18.

227 1087 454 1132 longinquus:
482 1089 583 1121 tanto
600 1085 682 1120 inde
699 1085 743 1120 fit
759 1085 983 1131 longinquior
1020 1102 1021 1106 =

279 1146 313 1181 ΙΙ
338 1148 394 1188 31,
420 1146 472 1181 17.
1020 1145 1021 1155 ¹

227 1217 458 1264 longitudinis
481 1217 653 1252 distantia
679 1216 693 1251 I
718 1217 795 1258 413,
820 1217 873 1252 20.

230 1278 352 1324 longus
368 1277 535 1323 peccandi
552 1288 635 1311 usus
653 1276 687 1311 Il
707 1276 781 1317 155,
799 1277 851 1311 22.
882 1276 986 1321 longa
1021 1322 1022 1326 Ἰ

273 1337 454 1372 uolumina
482 1336 497 1371 1
527 1337 601 1377 129,
630 1337 682 1377 13,
710 1337 753 1380 cs.
784 1335 797 1370 Ι
826 1337 902 1377 221,
932 1337 983 1371 17.
1021 1329 1022 1352 ³

273 1398 351 1438 460,
370 1397 401 1431 5.
434 1396 576 1442 longum
598 1395 774 1430 saeculum
797 1395 811 1430 I
834 1397 909 1437 147,
930 1397 983 1431 24.

272 1457 309 1491 in
332 1457 475 1502 longum
499 1456 549 1491 ire
576 1455 590 1490 1
615 1456 670 1497 98,
697 1456 750 1491 25.

229 1528 423 1574 loquacitas
443 1528 591 1562 istorum
613 1527 829 1562 calumniosa
852 1526 888 1561 II
908 1527 984 1568 205,

274 1589 304 1623 8.
331 1587 487 1622 cruditas
511 1587 738 1632 loquacitatis
764 1586 779 1621 1
803 1587 881 1628 305,
907 1588 959 1622 14.

229 1648 410 1694 loquacius
427 1647 517 1682 forte
534 1657 639 1693 quam
658 1650 714 1681 sat
730 1650 784 1681 est
803 1646 818 1681 Ι
836 1647 913 1688 222,
931 1647 983 1682 23.

230 1707 326 1753 loqui
358 1707 543 1742 ueritatem
576 1708 630 1748 81,
659 1708 687 1742 1.
721 1709 762 1741 ut
793 1706 984 1741 secundum

274 1773 309 1802 te
335 1767 458 1812 loquar
486 1766 501 1801 1
526 1759 603 1808 403,
631 1767 683 1802 23.
718 1766 849 1801 ueritas
874 1765 987 1812 loqui-

275 1831 333 1862 tur
370 1826 404 1861 II
433 1827 507 1867 137,
535 1827 588 1861 28.
635 1826 794 1872 loquitur
822 1826 987 1860 dominus

275 1897 336 1932 per
357 1886 565 1932 prophetam
595 1885 610 1920 Ι
630 1886 707 1926 521,
735 1886 787 1921 27.
821 1896 896 1919 cum
916 1886 986 1921 dal.

279 1945 313 1980 11
334 1946 412 1986 210,
435 1946 488 1980 21.
514 1944 529 1979 I
552 1946 606 1986 26,
630 1946 681 1980 19.
703 1945 758 1986 88,
779 1945 809 1980 2.
834 1946 908 1986 183,
932 1945 986 1980 20.

277 2006 353 2046 242,
386 2006 417 2040 9.
451 2005 528 2046 278,
562 2007 614 2040 11.
647 2004 724 2046 325,
757 2005 788 2039 7.
822 2005 899 2046 464,
934 2006 986 2040 13.

277 2065 355 2106 489,
381 2065 434 2100 22.

230 2136 352 2172 lorico:
375 2147 416 2171 ea
436 2135 537 2182 (fide)
558 2135 712 2181 quodam
737 2135 843 2170 modo
867 2135 989 2170 lorica·

275 2206 352 2231 rum
382 2195 417 2230 ΙΙ
441 2196 494 2237 26,
522 2196 573 2230 12.

232 2255 366 2291 lubrico
387 2255 518 2290 aetatis
539 2259 574 2290 te
595 2258 773 2290 auerteras
798 2254 812 2289 I
833 2255 911 2296 376,
934 2255 987 2290 25.

231 2315 391 2350 lucernae
413 2315 505 2361 ignis
530 2314 544 2349 I
567 2315 645 2356 362,
668 2315 727 2355 20;
750 2316 794 2358 cs.
821 2313 855 2349 11
878 2316 933 2356 33,
956 2316 988 2350 4.

231 2374 426 2410 lucrifacio:
465 2384 553 2420 quas
590 2373 710 2409 mariti
746 2373 991 2409 lucrifecerant

277 2433 415 2469 Christo
450 2433 466 2468 I
499 2434 576 2475 148,
609 2433 663 2476 25,
696 2434 740 2477 cl.
777 2433 792 2468 1
823 2433 902 2476 509,
935 2434 988 2469 27.

277 2493 355 2535 513,
379 2494 411 2528 2.

233 2552 389 2588 luctator
413 2552 538 2588 fortior
563 2551 599 2588 II
623 2553 677 2595 29,
704 2554 756 2588 11.

233 2623 359 2660 luctari
384 2623 517 2659 bonum
543 2634 692 2670 agonem
721 2623 737 2659 1
762 2624 842 2666 490,
869 2624 900 2660 7.

232 2694 511 2731 luculentissima
535 2694 645 2731 uerba
672 2694 688 2730 Ῑ
712 2696 790 2737 342,
816 2695 848 2731 9.
887 2694 993 2730 casti-

277 2754 376 2801 gatio
403 2753 418 2789 I
442 2755 521 2797 381,
545 2755 599 2791 24.

234 2813 346 2849 lumbi
362 2813 525 2850 Abrahae
544 2813 560 2849 1
578 2815 655 2856 111,
666 2814 720 2850 14.
734 2813 786 2849 15.
801 2813 855 2849 17.
867 2814 922 2849 20.
937 2814 990 2849 21.

1723 178 1804 222 685

1051 306 1168 341 lumen
1192 304 1396 340 indeficiens
1423 303 1458 338 II
1485 304 1560 345 192,
1587 304 1639 339 10.
1677 302 1807 349 ingenii

1100 365 1114 400 Ι
1138 365 1193 407 66,
1217 366 1270 400 22.
1308 363 1494 399 uerborum
1518 363 1806 410 consequentium

1097 425 1215 460 lumen
1245 424 1381 459 accedit
1413 423 1427 458 I
1457 424 1490 465 8,
1520 425 1552 459 4.
1595 422 1808 469 apostolicae

1098 484 1293 520 sententiae
1322 484 1439 518 lumen
1472 482 1486 518 I
1516 483 1549 524 8,
1580 484 1632 518 16.
1675 482 1810 517 lumina

1098 544 1290 579 forinsecus
1305 543 1467 578 adhibita
1486 542 1500 577 I
1518 543 1595 584 273,
1614 544 1665 578 14.
1696 542 1810 577 carnis

1098 604 1232 639 lumina
1262 603 1276 638 1
1303 604 1380 644 337,
1409 604 1468 644 26;
1495 604 1539 647 cl.
1569 601 1584 637 I
1612 603 1666 644 25,
1694 603 1725 638 9.
1753 603 1808 643 31,

1102 666 1153 700 18.
1179 664 1234 705 35,
1259 664 1312 699 22.

1056 723 1244 759 luminaria
1267 722 1351 758 caeli
1379 722 1393 757 1
1417 723 1471 763 36,
1499 724 1550 757 14.

1056 784 1229 819 luminosa
1252 782 1380 817 caritas
1406 782 1421 816 1
1447 782 1521 823 158,
1545 783 1576 817 8.
1614 781 1812 816 luminosis-

1101 843 1191 878 sima
1215 843 1343 877 caritas
1370 841 1404 876 ΙΙ
1430 842 1505 883 154,
1530 843 1583 877 21.

1057 903 1150 938 luere
1174 913 1304 949 poenas
1332 902 1346 936 1
1372 903 1447 943 144,
1473 901 1526 936 25.

1019 955 1020 968 ¹
1057 963 1130 1009 lupi
1157 962 1172 997 1
1196 963 1275 1004 570,
1302 962 1367 1009 15.-

1019 1029 1021 1039 ¹
1057 1023 1153 1058 lusus
1172 1023 1358 1057 uerborum:
1377 1021 1463 1067 quid
1481 1021 1516 1055 in
1536 1032 1576 1056 eo
1595 1020 1717 1066 pelago
1736 1020 1814 1055 uult

1102 1082 1212 1128 mergi
1247 1082 1419 1127 Pelagius,
1455 1081 1547 1115 unde
1581 1092 1643 1126 per
1676 1084 1813 1126 petram

1102 1142 1271 1177 liberatus
1310 1146 1363 1176 est
1402 1142 1526 1176 Petrus
1580 1140 1614 1174 11
1667 1141 1742 1181 162,
1781 1141 1812 1175 3.

1102 1202 1291 1237 libidinosa
1321 1201 1508 1236 crudelitas
1536 1204 1572 1235 et
1600 1200 1710 1234 libido
1741 1194 1815 1234 cru-

1103 1262 1190 1297 delis
1219 1261 1253 1296 II
1281 1262 1358 1302 230,
1384 1260 1416 1296 5.
1457 1263 1492 1295 te
1519 1260 1604 1295 deus
1631 1260 1726 1301 fecit,
1755 1260 1815 1294 sed

1105 1321 1222 1368 grauis
1241 1333 1334 1356 error
1352 1320 1475 1355 iniecit
1497 1319 1531 1354 ΙΙ
1552 1320 1628 1361 279,
1649 1320 1701 1355 25.
1735 1330 1815 1354 eum

1104 1393 1198 1417 error
1219 1392 1289 1416 non
1310 1380 1483 1422 infecerit,
1505 1380 1565 1414 sed
1587 1379 1689 1425 plane
1710 1379 1816 1414 inter-

1105 1441 1226 1476 fecerit
1251 1440 1287 1475 11
1310 1441 1386 1482 287,
1414 1442 1464 1475 14.
1502 1439 1593 1474 sicut
1618 1439 1710 1485 sapit
1734 1450 1816 1485 apo-

1104 1501 1227 1542 stolus,
1262 1512 1333 1535 non
1367 1500 1459 1534 sicut
1493 1499 1622 1545 desipit
1658 1499 1818 1544 Pelagius

1108 1560 1143 1595 II
1172 1561 1250 1601 305,
1282 1562 1312 1596 1.
1355 1571 1417 1594 nec
1447 1562 1633 1605 propterea
1661 1559 1726 1593 deo
1757 1559 1818 1593 det

1104 1620 1357 1666 insipientiam,
1387 1619 1470 1665 quia
1498 1630 1568 1653 non
1596 1618 1695 1664 plene
1724 1618 1819 1664 capit

1105 1680 1179 1715 eius
1207 1680 1416 1726 sapientiam
1450 1679 1463 1713 I
1494 1680 1570 1719 160,
1599 1679 1629 1713 7.
1672 1682 1818 1724 quaerat

1105 1740 1292 1781 doctiores,
1325 1740 1384 1774 sed
1417 1742 1554 1780 caueat,
1586 1749 1629 1773 ne
1660 1738 1819 1773 inueniat

1106 1803 1389 1846 praesumptores
1418 1798 1432 1833 1
1461 1799 1537 1839 221,
1564 1799 1595 1833 3.
1637 1809 1722 1832 uoce
1749 1808 1820 1832 non

1106 1871 1192 1894 sana
1207 1870 1310 1894 sanos
1325 1870 1398 1893 esse
1413 1858 1647 1904 pronuntiant
1665 1857 1678 1891 I
1695 1858 1771 1898 249,
1787 1858 1818 1893 9.

1106 1930 1204 1954 orare
1226 1919 1376 1959 sinatur,
1399 1923 1439 1952 ut
1462 1921 1606 1952 sanetur
1630 1917 1642 1951 l
1667 1918 1742 1958 279,
1767 1918 1818 1952 12.

1107 1982 1143 2013 et
1155 1979 1250 2024 quod
1264 1978 1420 2013 cruditas
1433 1977 1660 2023 loquacitatis
1671 1980 1820 2018 eructat,

1107 2038 1237 2073 aetatis
1250 2037 1440 2072 maturitas
1453 2037 1627 2082 decoquat
1646 2036 1659 2070 1
1673 2037 1751 2078 305,
1768 2038 1819 2071 14.

1108 2098 1137 2132 si
1158 2109 1237 2133 cum
1259 2097 1426 2132 laudatur
1447 2096 1661 2142 eloquentia,
1682 2107 1822 2142 persua-

1107 2158 1234 2193 deatur
1258 2157 1465 2203 insipientia
1495 2156 1509 2191 1
1536 2157 1614 2197 305,
1644 2156 1695 2191 16.
1724 2159 1822 2190 'tuno

1107 2217 1201 2252 enim
1239 2217 1338 2252 fides·
1366 2217 1440 2251 eius
1477 2216 1519 2251 de
1555 2215 1651 2261 ligno
1689 2215 1823 2257 floruit,

1108 2277 1252 2323 quando
1270 2276 1523 2322 discipulorum
1541 2275 1693 2310 marcuit
1712 2274 1727 2309 I
1746 2277 1822 2316 311,

1110 2338 1162 2372 18.
1211 2348 1254 2371 ne
1289 2340 1435 2382 cogatur
1468 2335 1710 2381 insipientiam
1746 2346 1823 2380 pro-

1108 2396 1217 2438 fiteri,
1233 2396 1318 2431 dum
1335 2399 1476 2430 ueretur
1490 2394 1728 2440 ignorantiam
1745 2405 1824 2428 con-

1109 2456 1205 2491 fiteri
1223 2455 1239 2490 I
1254 2456 1332 2497 317,
1349 2456 1380 2490 9.
1411 2465 1482 2489 non
1497 2454 1592 2490 enim
1608 2458 1661 2488 est
1678 2453 1825 2488 flumen-

1109 2519 1186 2551 tum
1220 2515 1330 2550 fontis
1361 2514 1488 2555 diuini,
1521 2514 1581 2548 sed
1613 2513 1824 2558 figmentum

1110 2575 1226 2611 cordis
1247 2574 1395 2609 humani
1420 2573 1435 2608 I
1457 2574 1536 2615 343,
1558 2573 1612 2608 26.
1649 2572 1826 2618 subrepsit

1109 2634 1178 2670 tibi
1206 2633 1445 2679 falsiloquium
1474 2643 1536 2679 per
1564 2631 1825 2677 suauiloquium

1113 2693 1128 2729 1
1142 2695 1221 2735 344,
1238 2694 1290 2729 19.
1319 2692 1478 2739 procedit
1491 2692 1529 2727 in
1542 2691 1699 2726 medium
1713 2690 1828 2736 magis

1110 2763 1254 2788 uaecors
1280 2762 1387 2799 quam
1415 2751 1613 2786 misericors
1639 2750 1782 2786 uanitas
1811 2749 1826 2784 I

1111 2812 1190 2854 352,
1225 2813 1280 2848 20.
1329 2822 1409 2847 cum
1444 2810 1501 2846 ille
1535 2821 1618 2846 suos
1650 2809 1759 2846 libros
1793 2813 1830 2845 et
