2028 3204
778 203 855 240 cap.
887 194 941 235 67,
973 194 1120 238 81—69‚
1145 196 1188 231 83
1696 185 1774 227 297

319 316 516 360 LXVIII.
555 318 618 361 82.
675 319 716 361 Si
753 333 848 373 ergo
885 320 1078 363 uolumus
1118 320 1291 364 ‘animos
1329 322 1380 363 ad
1411 327 1520 364 recte
1547 321 1775 364 uiuendum

194 382 361 438 frigidos
384 389 426 425 et
450 383 586 439 pigros
609 384 845 428 christianis
868 386 1231 429 exhortationibus
1254 387 1436 429 excitare
1459 393 1501 430 et
1524 389 1776 437 accendere‘,

192 448 385 505 primitus
410 450 680 493 exhortemur
703 452 755 493 ad
783 451 922 502 fidem,
950 465 1033 507 qua
1058 452 1282 495 Christiani
1310 453 1416 495 fiant
1441 459 1481 495 et
1507 452 1594 496 eius
1618 453 1777 496 nomini

191 513 464 563 subiciantur,
484 515 571 558 sine
591 529 673 572 quo
692 517 798 559 salui
816 531 903 559 osse
921 531 1002 560 non
1024 524 1213 573 possunt.
1234 518 1267 560 si
1285 525 1427 562 autem
1448 519 1529 561 iam
1552 519 1777 562 Christiani

145 612 152 622 .
191 586 289 623 sunt
306 587 348 623 et
365 587 475 623 recte
491 581 632 624 uiuere
648 582 884 638 neglegunt,
904 584 1177 626 uerberentur
1192 585 1419 627 terroribus
1437 591 1478 627 et
1497 585 1775 640 praemiorum

192 645 384 689 laudibus
409 646 635 701 erigantur,
655 646 715 690 ita
734 662 846 699 sane,
867 655 913 691 ut
932 663 1013 692 non
1035 650 1168 692 solum
1188 651 1238 692 ad
1262 651 1391 693 bonas
1411 650 1609 699 actiones,
1630 665 1773 694 uerum

190 711 317 755 etiam
346 713 398 754 ad
427 712 516 768 pias
545 713 753 756 orationes
780 728 848 756 eos
876 715 1088 758 exhortari
1117 716 1426 759 meminerimus
1455 722 1583 771 atque
1611 717 1688 758 hac
1718 717 1779 760 in—

190 784 349 821 struere
367 778 548 821 sanitate
566 779 795 829 doctrinae,
815 786 862 822 ut
879 787 921 823 et
939 781 1050 824 illinc
1066 781 1223 835 gratias
1242 788 1383 836 agant,
1404 796 1497 824 cum
1517 781 1775 826 instituerint

191 844 294 887 bene
309 843 463 896 uiuere,
479 845 589 900 quod
605 845 761 901 aliquid
774 845 861 888 sinc
874 846 1127 890 difficultate
1142 847 1326 898 fecerint,
1340 854 1381 890 et
1394 848 1465 890 ubi
1477 848 1774 891 difficultatem

189 909 372 966 aliquam
417 910 618 961 sentiunt,
653 911 900 954 fidelissimis
945 919 986 955 et
1032 913 1453 968 perseuerantissimis
1500 914 1688 969 precibus
1734 920 1774 957 et

191 975 492 1018 misericordiae
534 977 709 1031 promtis
751 977 944 1032 operibus
987 979 1231 1022 facilitatem
1274 994 1298 1021 a
1338 979 1508 1021 domino
1550 979 1775 1035 impetrare

191 1041 429 1096 persistant.
469 1041 525 1083 sic
547 1049 689 1085 autem
714 1042 977 1098 proficientes
1001 1045 1071 1087 ubi
1095 1051 1136 1087 ct
1160 1046 1328 1100 quando
1352 1045 1591 1101 plenissima-
1614 1045 1773 1088 iustitia

191 1106 462 1162 perficiantur
499 1122 580 1150 non
604 1108 728 1151 nimis
752 1122 870 1159 curo;
896 1110 1147 1166 ubicumque
1171 1117 1313 1153 autem
1346 1118 1387 1153 et
1424 1113 1777 1167 quandocumque

190 1172 361 1228 perfecti
393 1173 559 1223 fuerint,
591 1189 671 1217 non
698 1174 774 1217 nisi
797 1176 934 1227 gra-tia
962 1176 1029 1219 dei
1059 1191 1132 1231 per
1156 1177 1291 1220 Iesum
1314 1177 1525 1219 (hristum
1556 1177 1773 1220 dominum

143 1250 156 1276 .·
187 1245 375 1281 nostrum
406 1239 547 1294 perfici
586 1254 703 1294 posse
731 1240 946 1284 confirmo.
991 1256 1091 1285 sane
1120 1244 1289 1298 quando
1317 1242 1474 1298 liquido
1503 1243 1775 1297 cognouerint

189 1305 348 1347 nullum
379 1312 597 1360 peccatum
627 1320 668 1346 se
697 1306 863 1354 habere,
893 1322 975 1350 non
1005 1322 1047 1349 se
1075 1308 1216 1351 dicent
1245 1323 1326 1350 non
1357 1309 1510 1351 habere
1540 1315 1774 1364 peccatum.

189 1384 238 1412 ne
258 1369 413 1412 ueritas
431 1370 469 1413 in
487 1371 544 1414 eis
559 1385 640 1413 non
658 1371 724 1418 sit,
746 1372 852 1415 sieut
874 1372 911 1415 in
934 1373 990 1415 eis
1010 1373 1165 1416 ueritas
1187 1389 1267 1417 non
1289 1380 1364 1424 est,
1385 1374 1455 1430 qui
1476 1388 1569 1416 cum
1589 1375 1774 1417 habeant

188 1450 269 1479 non
299 1435 451 1478 habere
481 1451 522 1478 se
551 1436 729 1480 dicunt?

296 1501 452 1544 LXIX.
481 1502 544 1545 83.
574 1502 703 1545 Valde
730 1509 871 1546 autem
901 1505 1023 1547 ‘bona
1041 1511 1139 1547 sunt
1165 1507 1416 1561 praecepta‘,
1444 1506 1476 1548 si
1504 1506 1685 1559 legitime
1712 1506 1775 1548 his

188 1572 370 1610 utamur.
415 1582 462 1609 eo
491 1567 646 1623 quippe
674 1569 763 1624 ipso
793 1583 875 1625 quo
904 1570 1139 1613 firmissime
1167 1571 1352 1614 creditur
1381 1572 1517 1613 ‘deum
1547 1571 1702 1614 iustum
1732 1577 1774 1614 et

188 1634 343 1676 bonum
372 1632 630 1688 inpossibilia
658 1649 740 1677 non
770 1635 954 1690 potuisse
982 1636 1246 1692 praecipere‘,
1290 1637 1386 1680 hinc
1415 1651 1706 1680 ammonemur
1732 1643 1774 1679 et

188 1698 228 1742 in
259 1698 451 1742 facilibus
483 1699 581 1755 quid
613 1714 786 1755 agamus
817 1706 858 1743 et
889 1701 929 1744 in
975 1702 1217 1745 difficilibus
1249 1703 1348 1758 quid
1381 1708 1586 1759 petamus.
1634 1702 1772 1745 omnia

187 1763 342 1820 quippe
373 1765 481 1808 fiunt
512 1765 651 1808 facilia
679 1766 860 1816 caritati,
907 1767 973 1810 cui
1002 1768 1073 1811 uni
1102 1768 1256 1811 ('hristi
1285 1768 1447 1811 sarcina
1476 1769 1577 1811 leuis
1607 1774 1669 1811 est
1699 1775 1774 1811 aut

186 1844 234 1872 ea
259 1845 343 1873 una
368 1837 431 1873 est
457 1831 619 1874 sarcina
645 1831 735 1887 ipsa
762 1846 868 1888 quac
894 1832 995 1875 leuis
1022 1839 1097 1876 est.
1140 1835 1369 1877 secundum
1396 1836 1474 1877 hoc
1499 1834 1660 1878 dictum
1689 1840 1775 1876 est:

117 1910 146 1932 ⁴.
186 1901 243 1938 et
302 1903 643 1953 praccepta
686 1898 817 1940 eius
859 1899 1078 1953 grauia
1120 1914 1231 1942 non
1275 1906 1433 1951 sunt,
1461 1906 1509 1942 ut
1537 1900 1603 1943 cui
1628 1899 1772 1955 grauia

186 1967 298 2011 sunt,
347 1962 579 2005 consideret
625 1977 708 2006 non
756 1963 941 2019 potuisse
987 1964 1190 2008 diuinitus
1233 1965 1332 2007 dici:
1379 1980 1405 2021 g
1423 1979 1481 2007 ra
1499 1965 1597 2008 uia
1659 1980 1684 2008 n
1705 1980 1727 2007 0
1746 1980 1772 2008 ιι

186 2032 343 2075 sunt,
387 2027 466 2070 nisi
496 2028 594 2083 quia
624 2034 763 2084 potest
792 2043 878 2072 esse.
907 2030 1042 2072 cordis
1071 2030 1250 2073 affectus
1279 2031 1344 2073 cui
1372 2031 1518 2087 grauia
1546 2045 1630 2074 non
1659 2036 1774 2076 sunt.

186 2098 227 2133 et
252 2098 371 2147 petat
396 2107 477 2149 quo
501 2093 760 2144 destituitur,
794 2100 842 2137 ut
876 2094 1034 2151 inpleat
1059 2097 1169 2151 quod
1195 2096 1375 2139 iubetur.
1416 2102 1457 2139 et
1483 2097 1594 2152 quod
1619 2096 1777 2139 dicitur

277 2236 290 2268 1
319 2233 477 2280 Pelagius
601 2238 641 2271 14
663 2236 707 2270 cf.
730 2236 832 2271 Rom.
849 2237 881 2277 7,
900 2237 942 2272 25
1067 2238 1109 2273 16
1128 2238 1173 2273 cf.
1199 2238 1213 2272 I
1240 2237 1314 2274 Ioh.
1339 2240 1367 2279 l,
1390 2240 1412 2274 8
1536 2239 1576 2274 19
1601 2239 1764 2284 Pelagius

188 2294 232 2329 cf.
253 2293 268 2328 1
288 2293 377 2329 Tim.
403 2297 433 2336 1,
453 2295 475 2330 8
581 2295 624 2330 23
645 2295 690 2330 cf.
714 2295 845 2331 Matth.
871 2297 924 2337 11,
944 2296 990 2332 30
1086 2298 1130 2332 25
1162 2297 1177 2332 I
1201 2297 1274 2333 Ioh.
1297 2299 1329 2338 5,
1349 2299 1371 2333 3

277 2385 297 2419 2
310 2384 594 2420 exortationibus
606 2385 702 2420 LVE
812 2387 833 2420 3
850 2388 1052 2423 exortemur
1061 2386 1218 2423 PleE
1311 2387 1420 2423 finem
1434 2389 1519 2423 Eml
1612 2399 1721 2434 quarn
1739 2389 1768 2424 E

190 2442 330 2478 nomine
344 2443 374 2478 V
474 2444 495 2479 8
512 2444 584 2480 illic
598 2443 899 2481 Rm2VCm1Eml
1002 2446 1225 2484 instituerint
1242 2447 1296 2493 (in
1314 2459 1380 2493 ηις).
1398 2448 1452 2482 m?
1470 2448 1481 2483 1
1499 2447 1723 2492 instruerint)
1739 2447 1768 2482 R

191 2500 232 2536 10
246 2503 599 2548 perseuerentissimis
617 2504 697 2550 D(a
711 2517 739 2539 s.
755 2506 817 2549 lin.
839 2506 884 2550 e),
899 2505 930 2540 B
990 2508 1029 2542 11
1048 2506 1222 2554 promptis
1238 2506 1300 2542 Ro
1324 2507 1438 2553 prutis
1450 2507 1572 2543 DmlB
1635 2509 1677 2543 13
1691 2519 1767 2554 per-

189 2560 332 2598 ficiatur
351 2562 471 2599 LDml
480 2564 725 2600 PVm11313m1
750 2564 980 2610 perficiantur
1005 2566 1037 2601 R
1207 2577 1279 2603 non
1311 2567 1429 2603 minus
1460 2568 1515 2613 (εἴη
1531 2579 1596 2613 my.
1612 2568 1669 2602 ηι2
1700 2567 1709 2602 1
1744 2560 1768 2601 fi

187 2620 311 2667 nimis)
323 2620 355 2656 R
475 2623 515 2658 15
529 2634 614 2660 sane
627 2624 664 2670 (a
676 2624 716 2660 in
732 2624 744 2659 i
762 2626 864 2670 mut.)
874 2626 907 2661 D
1010 2626 1170 2672 aliquido
1185 2626 1216 2661 P
1308 2626 1349 2662 16
1363 2638 1415 2672 pr.
1428 2627 1524 2663 see-R
1642 2627 1765 2663 dicant

189 2680 530 2718 Dm212Vm1130ffl
587 2694 661 2721 non
673 2686 752 2720 ante
766 2684 894 2720 habere
905 2696 970 2721 om.
988 2685 1022 2721 D
1034 2685 1162 2731 (spatio
1178 2686 1200 2722 3
1216 2686 1280 2722 liu.
1298 2697 1406 2722 uacuo
1423 2686 1562 2727 relicto),
1582 2685 1769 2721 RVBCEd

187 2740 230 2776 20
245 2740 380 2777 utimur
391 2741 424 2777 B
500 2742 557 2790 eo]
574 2743 649 2790 Ego
664 2743 696 2779 Β
782 2745 821 2780 21
836 2744 1060 2791 inpossibili·
1070 2746 1104 2791 (e
1121 2756 1146 2782 s.
1162 2746 1227 2790 lin.
1243 2745 1270 2791 i)
1282 2746 1313 2782 V
1390 2747 1434 2782 23
1449 2745 1527 2792 aut]
1543 2750 1581 2781 et
1597 2745 1636 2781 in
1653 2745 1758 2781 ras.V

195 2799 236 2836 26
251 2801 466 2848 puniisse-V
560 2803 604 2839 28
620 2803 705 2850 quo]
721 2803 862 2850 qnodV
879 2804 974 2851 quod
986 2804 1016 2840 0
