1976 3210
159 887 197 916 io

158 1218 195 1246 15

154 1547 196 1576 20

155 1875 196 1906 25

809 164 887 201 cap.
918 155 972 197 12,
1005 155 1150 196 19—13.
1178 149 1215 191 21
1726 145 1805 188 173

226 294 353 336 quam
386 279 452 323 hic
490 284 840 323 commemoratur
872 293 897 323 a
920 279 1050 323 nobis
1079 293 1212 336 neque
1239 280 1348 322 enim
1366 280 1445 322 isto
1463 294 1584 336 opere
1602 281 1708 324 hanc
1728 282 1811 337 epi—

226 346 376 390 stolam
393 346 682 402 exponendam
699 345 967 402 suscepimus,
994 346 1066 388 sed
1082 346 1169 389 eius
1185 346 1366 389 maxime
1383 346 1621 389 testimonio
1639 347 1809 390 demon-

225 418 368 461 strare,
389 417 596 467 quantum
615 424 848 468 possumus,
879 412 1052 455 nitimur
1071 425 1154 454 non
1174 413 1216 454 in
1236 426 1283 455 eo
1304 426 1379 454 nos
1398 413 1600 455 diuinitus
1619 413 1809 456 adiuuari

225 479 280 522 ad
294 478 547 534 operandam
562 478 779 529 iustitiam,
796 478 909 533 quod
923 478 1052 533 legem
1067 478 1169 521 deus
1182 479 1298 521 dedit
1313 479 1478 534 plenam
1494 478 1612 521 bonis
1636 480 1809 522 sanctis—

226 557 306 600 que
321 544 564 601 praeceptis,
580 544 652 587 sed
667 544 781 600 quod
795 544 885 600 ipsa
899 544 1094 587 uoluntas
1109 549 1263 596 nostra,
1281 545 1366 587 sine
1382 558 1465 600 qua
1477 546 1637 601 operari
1653 546 1808 588 bonurn

227 624 308 653 non
336 624 567 666 possumus,
594 611 818 654 adiuuetur
851 615 893 652 et
919 610 1101 666 erigatur
1126 611 1323 666 inpertito
1350 611 1498 666 spiritu
1524 612 1694 667 gratiae,
1722 613 1808 654 sine

225 690 307 732 quo
326 677 532 720 adiutorio
560 677 752 720 doctrina
768 676 838 719 illa
854 676 995 720 littera
1011 682 1074 719 est
1092 677 1294 728 occidens,
1314 677 1412 732 quia
1429 691 1519 720 reos
1536 679 1675 733 potius
1693 691 1809 733 prae-

226 743 491 786 uaricationis
502 748 617 786 tenet
630 756 756 798 quam
768 742 968 786 iustificat
980 743 1140 798 impios.
1154 757 1251 786 nam
1269 743 1376 785 sicut
1394 742 1472 785 illis
1489 757 1561 799 per
1577 750 1810 787 creaturam

226 809 509 864 cognitoribus
523 809 720 852 creatoris
736 822 785 851 ea
804 809 895 864 ipsa
914 810 1094 865 cognitio
1109 808 1212 851 nihil
1231 809 1387 864 profuit
1402 810 1456 852 ad
1473 810 1663 861 salutem,
1686 823 1714 865 q
1725 811 1772 852 ui
1784 825 1809 854 a

227 880 591 930 cognoscentes
624 875 771 918 deum
804 886 903 919 non
928 875 1061 917 sicut
1086 876 1233 917 deum
1267 875 1695 930 glorificauerunt
1721 881 1809 919 aut

223 941 414 995 gratias
445 946 658 996 egerunt
687 941 915 984 dicentes
945 955 994 984 se
1024 955 1127 983 esse
1157 942 1429 996 sapientes,
1452 941 1512 984 ita
1536 956 1616 993 eos,
1642 941 1713 997 qui
1738 956 1810 998 per

226 1007 355 1063 legem
376 1007 443 1050 dei
461 1012 715 1063 cognoscunt
736 1008 1089 1063 quemadmodum
1111 1007 1165 1050 sit
1176 1006 1809 1059 bominiuiuendum‚noniusti-

225 1074 325 1116 sicat
370 1073 459 1129 ipsa
498 1072 692 1129 cognitio,
737 1073 853 1129 quia
903 1087 1043 1116 suam
1095 1073 1375 1116 iustitiam
1421 1074 1652 1118 uolentes
1696 1087 1807 1118 con-

224 1139 440 1182 stituere
477 1139 711 1181 iustitiae
741 1140 818 1182 dei
855 1151 954 1184 non
989 1145 1111 1184 sunt
1145 1140 1375 1182 subiecti.

331 1205 454 1247 XIII.
488 1207 551 1248 21.
575 1206 661 1248 Lex
682 1218 776 1261 ergo
798 1205 1018 1257 factorum,
1040 1205 1083 1248 id
1104 1212 1167 1248 est
1188 1220 1372 1262 operum,
1396 1220 1467 1262 per
1488 1220 1614 1262 quam
1637 1220 1718 1248 non
1740 1221 1808 1248 ex-

224 1269 405 1314 cluditur
430 1271 500 1314 illa
523 1271 728 1326 gloriatio,
757 1278 798 1314 et
825 1272 891 1313 lex
916 1272 1027 1323 fidei,
1057 1285 1128 1327 per
1155 1286 1280 1327 quam
1308 1272 1554 1323 excluditur,
1592 1286 1674 1328 quo
1702 1274 1809 1315 inter

224 1350 266 1379 se
285 1337 483 1380 differant
503 1351 650 1393 operae
670 1336 849 1393 pretium
870 1344 931 1380 est
952 1338 1221 1389 considerare,
1243 1339 1274 1380 si
1297 1344 1437 1381 tamen
1458 1338 1644 1381 ualemus
1664 1339 1809 1382 aduer-

224 1408 459 1459 tere-atque
478 1404 718 1447 discernere.
746 1404 828 1446 cito
850 1404 959 1446 enim
981 1405 1155 1459 quisque
1185 1405 1337 1447 dixerit
1367 1405 1498 1460 legem
1520 1418 1690 1460 operum
1721 1419 1807 1447 esse

224 1469 265 1512 in
300 1469 522 1521 Iudaismo,
555 1470 686 1525 legem
718 1475 859 1513 autem
890 1470 989 1512 fidei
1022 1470 1063 1512 in
1095 1470 1422 1521 Christianismo,
1460 1476 1679 1526 propterea
1710 1472 1809 1526 quia

224 1535 475 1578 circumcisio
506 1540 724 1591 ceteraque
754 1549 879 1591 opera
907 1536 1008 1578 talia
1037 1536 1135 1592 legis
1173 1541 1284 1587 sunt,
1325 1550 1431 1592 quae
1461 1537 1686 1579 christiana
1724 1538 1807 1580 iam

223 1601 441 1657 disciplina
487 1615 570 1644 non
614 1606 765 1644 seruat.
818 1601 891 1644 sed
931 1607 1138 1657 quantum
1177 1602 1296 1645 fallat
1339 1603 1421 1645 ista
1467 1603 1672 1654 discretio,
1725 1603 1806 1645 iam

223 1667 293 1709 diu
317 1667 484 1722 quidem
507 1673 570 1710 est
608 1674 657 1710 ut
692 1668 886 1711 molimur
922 1669 1136 1711 ostendere
1183 1675 1223 1710 et
1270 1669 1404 1711 acutis
1428 1668 1481 1710 ad
1511 1669 1808 1711 dinoscendum

224 1732 383 1788 tibique
420 1734 682 1789 potissimum
721 1748 769 1776 ac
811 1734 966 1776 talibus
1003 1734 1179 1777 fortasse
1218 1735 1300 1777 iam
1344 1734 1618 1786 ostendimus3
1664 1749 1807 1778 uerum

224 1804 377 1850 tamen,
434 1800 632 1854 quoniam
700 1813 763 1842 res
816 1814 969 1855 magna
1024 1805 1098 1852 cst,
1162 1814 1245 1843 non
1299 1801 1614 1855 incongruenter
1667 1802 1708 1843 in
1761 1815 1807 1843 ea

225 1865 532 1908 manifestanda
560 1866 748 1922 pluribus
783 1866 909 1909 etiam
941 1871 1072 1923 atque
1107 1866 1235 1909 etiam
1263 1867 1510 1909 testimoniis
1540 1868 1805 1910 inmoramur.

225 1930 357 1985 ipsam
410 1931 519 1974 enirn
571 1932 674 1974 dicit
727 1932 870 1987 legem,
930 1945 980 1974 ex
1032 1946 1115 1988 qua
1167 1946 1288 1975 nemo
1355 1933 1618 1984 iustificatur,
1680 1947 1807 1989 quarn

224 1995 326 2039 dicit
384 1997 638 2040 subintrasse
695 2002 743 2040 ut
799 1998 1032 2041 abundaret
1101 1998 1312 2049 delictum,
1374 2013 1501 2054 quam
1557 2004 1698 2042 tamen
1758 2013 1809 2042 ne

225 2062 444 2117 quisquam
466 2063 518 2106 ob
536 2064 613 2106 hoc
630 2064 847 2119 imperitus
864 2069 1053 2119 argueret
1071 2070 1113 2106 et
1130 2065 1350 2120 sacrilegus
1378 2070 1604 2115 accusaret,
1623 2065 1811 2108 defendit

317 2202 337 2232 Sl
353 2201 453 2236 Rom.
471 2203 502 2242 1,
517 2202 555 2236 21
654 2202 695 2237 13
711 2202 812 2237 Rom.
830 2202 883 2243 10,
898 2203 919 2236 3
1011 2201 1053 2237 26
1067 2202 1110 2237 cf.
1129 2203 1230 2238 Rom.
1245 2202 1277 2243 3,
1296 2202 1350 2238 20.
1368 2203 1401 2244 5,
1418 2204 1460 2238 20

321 2297 334 2330 1
354 2300 674 2331 commemorantur
684 2296 721 2331 zb
821 2295 1009 2342 epistulam
1024 2297 1051 2331 S
1174 2297 1194 2331 2
1209 2301 1383 2342 quantum
1399 2309 1583 2343 possumus
1599 2298 1772 2333 demonst.
1789 2299 1807 2333 b

225 2355 246 2388 3
263 2354 347 2400 non]
361 2366 423 2389 nos
438 2356 521 2391 [πη]
534 2356 564 2390 G
631 2355 667 2390 in
682 2356 736 2402 eo]
752 2355 829 2390 ideo
841 2357 871 2391 Ο
940 2355 1103 2391 adiuuari
1116 2355 1289 2392 diuinitus
1305 2358 1323 2391 b
1383 2359 1404 2392 5
1419 2362 1539 2393 nostra
1552 2358 1626 2393 sine
1640 2369 1711 2404 qua
1724 2359 1807 2393 sJO

224 2412 245 2447 6
258 2413 427 2460 inpertitu
443 2416 593 2452 LmlSP
612 2415 797 2462 impartitu
809 2416 838 2451 G
865 2415 1048 2462 impartito
1063 2417 1085 2451 d
1162 2416 1297 2462 gratiae
1313 2417 1439 2463 spiritu
1455 2418 1483 2453 L
1567 2419 1589 2453 8
1605 2418 1773 2453 iustificet
1788 2418 1807 2451 b

226 2473 248 2508 9
261 2473 426 2509 creatoris
440 2475 546 2510 om.2b
651 2476 693 2511 10
706 2479 966 2521 cognoscemtoe
980 2476 1064 2511 Lm]
1177 2477 1218 2512 12
1231 2476 1287 2511 dei
1302 2477 1432 2511 om.2bd
1538 2479 1580 2513 13
1595 2477 1656 2522 qui
1670 2487 1687 2511 2
1703 2488 1773 2522 qua
1788 2477 1806 2511 b

228 2533 384 2568 uolentes
397 2545 498 2570 suam
511 2533 685 2570 iustitiam
698 2534 796 2580 (iust.
813 2546 914 2571 suam
924 2535 968 2579 C)
983 2535 1071 2571 KCd
1083 2546 1185 2571 suam
1202 2536 1270 2571 uol.
1287 2535 1369 2571 iust.
1389 2537 1419 2571 T
1511 2536 1686 2572 iustitiam
1701 2537 1806 2571 (πυλὺ

228 2591 269 2628 16
286 2592 346 2638 qui
357 2593 442 2629 Oml
462 2594 549 2640 quid
564 2605 606 2630 ex
618 2594 714 2641 quod
727 2594 820 2630 Km?
891 2596 932 2631 17
947 2594 1113 2630 different
1125 2596 1163 2640 (a
1179 2606 1205 2630 s.
1221 2596 1281 2631 alt.
1296 2598 1329 2641 e)
1339 2596 1426 2632 Om2
1444 2595 1615 2631 differunt
1631 2607 1648 2630 2
1702 2606 1806 2642 opere

228 2652 338 2688 LSPr
383 2653 480 2688 uelo·
494 2664 573 2689 mus
586 2655 623 2700 (a
635 2665 663 2690 s.
680 2666 732 2700 pr.
745 2655 810 2700 e)O
858 2656 899 2690 18
912 2654 999 2701 cito]
1013 2659 1106 2690 recte
1119 2655 1156 2690 zb
1203 2656 1247 2690 20
1262 2655 1349 2691 talia
1361 2666 1467 2702 opera
1480 2656 1498 2690 b
1558 2657 1596 2691 21
1613 2660 1757 2698 seruant
1770 2655 1806 2690 K

227 2711 338 2747 uallat
349 2712 433 2748 Lm]
519 2714 563 2750 22
574 2713 850 2760 dignoscendum
866 2714 920 2749 Τά
1006 2715 1049 2750 23
1061 2714 1127 2750 hac
1140 2715 1170 2750 L
1258 2715 1301 2751 26
1315 2726 1386 2761 qua.
1399 2726 1463 2751 om.
1475 2716 1560 2750 Oml
1637 2716 1679 2750 27
1694 2715 1806 2750 abun·

225 2770 342 2818 daret]
354 2772 431 2807 add.
454 2776 490 2808 et
501 2773 530 2809 G
