2028 3204
299 169 381 212 324
729 178 789 214 IV.
821 178 873 214 De
905 182 1032 215 natura
1064 182 1098 214 et
1131 178 1264 225 origine
1293 178 1432 215 animae

288 319 370 348 non
396 309 576 360 poterat.
606 303 887 346 confitebatur
909 303 1048 355 etiam,
1075 303 1175 359 quia
1195 308 1237 345 et
1266 303 1343 345 hoc
1368 303 1514 358 utique
1545 303 1717 354 sciebat,
1751 304 1862 360 quod

288 371 389 414 deus
410 370 486 411 illis
504 370 687 412 animam
700 374 741 412 et
753 369 946 425 spiritum
963 369 1138 420 dederit,
1152 369 1263 424 quod
1275 369 1363 424 ipse
1374 368 1452 411 illis
1464 368 1606 411 uultus
1623 373 1665 411 et
1675 368 1864 411 membra

290 435 548 478 formauerit.
600 435 699 490 quid
748 449 841 490 ergo
890 434 1134 477 nesciebat?
1184 448 1237 476 an
1284 434 1392 489 forte
1441 434 1552 489 quod
1583 434 1788 477 nescimus
1819 439 1861 477 et

289 516 376 553 nos,
426 505 569 544 utrum
602 501 784 543 animam
828 505 870 543 et
917 500 1123 555 spiritum,
1173 513 1296 555 quem
1343 499 1553 542 deus·illis
1600 501 1686 542 sine
1733 499 1860 542 dubio

287 567 417 616 dedit,
466 567 517 609 de
563 566 805 621 parentibus
854 566 1029 609 traxerit
1079 579 1132 607 an
1179 568 1335 607 nouum
1383 565 1490 607 sicut
1521 565 1677 607 homini
1724 565 1857 621 primo

290 631 593 675 insufflauerit?
627 632 696 674 sed
732 632 818 674 siue
852 632 928 674 hoc
960 631 1045 674 siue
1066 631 1177 673 aliud
1202 630 1358 686 aliquid
1383 631 1434 673 de
1455 635 1629 672 naturae
1656 630 1860 673 humanae

290 697 554 740 institutione
583 697 806 749 nesciebat,
842 697 997 739 nescire
1029 711 1070 739 se
1103 696 1289 748 dicebat,
1322 710 1405 738 non
1430 696 1539 751 quod
1567 695 1777 738 nesciebat
1806 699 1866 738 te-

292 778 401 806 mere
434 763 698 806 defendebat.
732 777 807 805 nec
839 767 980 805 tamen
1011 762 1090 804 iste
1122 762 1217 804 huic
1249 762 1415 812 diceret,
1450 762 1561 817 quod
1594 761 1712 804 nobis
1729 761 1862 803 dicere

291 844 373 872 non
416 829 600 872 erubuit:
648 829 807 871 homo
862 829 924 870 in
970 828 1188 870 honore
1235 827 1479 881 positus
1528 841 1640 869 non
1668 823 1863 870 ‘intel-

291 896 476 937 lexit:
544 898 924 948 comparatus
991 898 1075 936 est
1132 892 1451 947 pecoribus
1510 891 1864 935 insensatis

295 966 343 1003 et
388 960 628 1002 similis
676 960 878 1013 sactus
927 963 1011 1000 est
1059 959 1156 1001 eis.
1216 972 1307 1000 ecce
1350 958 1431 1000 ista
1471 958 1616 1000 mulier
1662 957 1770 999 dixit
1811 958 1862 999 de

292 1026 388 1068 filiis
422 1026 525 1068 suis:
567 1025 778 1068 nescio
821 1025 1117 1080 quomodo
1150 1024 1463 1079 paruistis
1495 1023 1552 1065 in
1586 1028 1917 1069 uentrem,

290 1105 487 1142 meum,
531 1105 606 1133 nec
638 1096 780 1133 tamen
812 1095 1077 1146 comparatur
1108 1089 1323 1145 pecoribus
1355 1089 1588 1131 insensatis.
1636 1088 1860 1139 nescio,

291 1158 417 1208 dixit;
452 1162 493 1199 et
527 1156 644 1211 quasi
678 1161 922 1211 quaererent
955 1155 1007 1198 ab
1040 1169 1089 1197 ea
1120 1169 1192 1197 cur
1223 1155 1399 1197 nesciret
1426 1154 1637 1197 adiunxit:
1673 1167 1696 1195 n
1716 1167 1737 1195 e
1756 1167 1781 1208 q
1799 1168 1825 1195 u
1843 1167 1864 1196 e

293 1223 447 1265 enim
495 1236 598 1278 ego
647 1222 944 1278 spiritum
991 1225 1048 1263 et
1095 1221 1352 1263 animam
1398 1219 1625 1262 donaui
1673 1218 1861 1261 uobis.

295 1289 362 1331 ille
395 1302 489 1343 ergo
524 1288 593 1343 qui
625 1287 800 1330 donauit
833 1287 924 1338 scit,
958 1287 1067 1329 unde
1099 1286 1242 1328 fecerit
1276 1286 1387 1341 quod
1419 1285 1606 1336 donauit,
1640 1289 1782 1327 utrum
1814 1297 1865 1326 ex

294 1354 518 1410 propagine
552 1353 782 1395 adtraxerit
814 1366 868 1395 an
898 1366 1055 1395 nouum
1087 1351 1377 1402 insufflauerit‚
1423 1351 1545 1406 ‘quod
1579 1351 1680 1405 ego‘,
1714 1349 1862 1405 inquit,

295 1420 519 1462 ‘nescio
575 1433 680 1461 nec
729 1418 1000 1474 singulis
1048 1417 1225 1460 uobis
1273 1417 1487 1459 uultus
1520 1421 1573 1458 et
1604 1415 1866 1458 membra

292 1485 594 1535 formaui‘;
643 1485 708 1526 ille
755 1484 832 1526 scit
881 1483 951 1539 qui
996 1483 1207 1534 formauit,
1253 1488 1394 1524 utrum
1427 1481 1549 1524 simul
1589 1495 1684 1524 cum
1726 1480 1865 1522 anima

293 1550 534 1593 formauerit
582 1563 635 1592 an
682 1563 780 1592 uero
827 1549 910 1591 iam
957 1549 1147 1591 formatis
1195 1548 1378 1590 animam
1425 1547 1599 1590 dederit.
1649 1560 1732 1602 quo
1768 1559 1862 1601 ergo

291 1617 429 1668 modo,
465 1621 607 1658 utrum
639 1615 707 1657 illo
741 1629 794 1657 an
825 1615 919 1665 isto,
953 1614 995 1656 in
1028 1614 1113 1656 eius
1155 1618 1346 1657 uentrem
1378 1613 1567 1655 uenerint
1598 1612 1687 1662 filii,
1710 1611 1863 1654 nescie-

292 1682 385 1734 bat;
435 1687 477 1724 et
509 1681 610 1723 illud
643 1686 786 1722 tamen
818 1680 975 1722 sciebat
1022 1684 1161 1722 totum
1195 1679 1305 1734 quod
1338 1678 1454 1720 dedit
1486 1678 1745 1720 redditurum
1778 1690 1864 1719 esse

296 1748 365 1803 qui
413 1747 541 1789 dedit.
601 1747 671 1788 sed
720 1746 846 1801 eligat
892 1746 970 1788 iste
1002 1745 1044 1787 in
1075 1749 1250 1787 naturae
1299 1744 1504 1786 humanae
1536 1748 1626 1785 tam
1657 1742 1864 1798 profundo

292 1813 519 1868 abditoque
583 1817 740 1854 secreto
805 1811 903 1866 quid
966 1810 1111 1853 mulier
1173 1810 1256 1852 ista
1301 1809 1511 1860 nescierit3
1569 1813 1738 1850 tantum
1781 1820 1865 1849 non

292 1879 448 1922 iudicet
465 1877 737 1920 mentientem
770 1890 844 1918 nec
875 1875 1092 1932 pecoribus
1123 1874 1343 1918 insensatis
1370 1878 1582 1930 comparet
1599 1873 1862 1916 nescientem.

294 1944 492 2000 quicquid
525 1947 614 1985 erat
647 1943 758 1998 quod
790 1942 861 1984 illa
891 1941 1114 1993 nesciebat,
1147 1941 1334 1997 profecto
1368 1941 1420 1982 ad
1469 1944 1664 1982 naturam
1689 1937 1865 1981 hominis

293 2009 552 2066 pertinebat;
588 2009 698 2064 quod
730 2013 873 2050 tamen
905 2008 990 2050 sine
1032 2006 1154 2062 culpa
1185 2007 1308 2048 homo
1341 2005 1563 2048 nesciebat.
1613 2007 1867 2060 quapropter

295 2076 386 2118 dico
414 2075 541 2117 etiam
569 2088 642 2130 ego
669 2074 720 2116 de
748 2074 887 2116 anima
911 2086 1023 2115 mea:
1049 2072 1200 2124 nescio,
1229 2071 1437 2127 quomodo
1465 2070 1625 2113 uenerit
1650 2070 1693 2112 in
1718 2081 1865 2124 corpus

293 2155 433 2183 meum
466 2166 517 2170 —
558 2153 691 2195 neque
724 2139 833 2184 enim
866 2152 938 2194 ego
971 2138 1084 2180 illam
1116 2137 1217 2180 mihi
1249 2136 1403 2180 donaui
1435 2150 1504 2187 ——-;
1564 2135 1642 2177 scit
1682 2135 1750 2176 ille
1793 2133 1865 2189 qui

298 2206 488 2256 donauit,
509 2210 652 2248 utrum
671 2204 784 2246 illam
803 2205 860 2247 'de
886 2208 1005 2259 patre
1027 2217 1118 2246 meo
1144 2202 1320 2245 traxerit
1344 2215 1397 2244 an
1421 2202 1529 2245 sicut
1551 2200 1708 2243 homini
1731 2198 1866 2254 primo
1927 2253 1930 2255 Α

387 2300 409 2337 9
425 2300 524 2335 Vinc.
540 2300 662 2334 Victor
732 2300 788 2334 Ps.
807 2299 863 2340 48.
882 2300 924 2333 13
1002 2298 1054 2332 12.
1071 2299 1124 2333 14.
1144 2298 1186 2332 18
1205 2297 1240 2332 ΙΙ
1261 2296 1376 2332 Mach.
1397 2297 1429 2337 7,
1448 2297 1491 2331 22

388 2373 404 2407 1
425 2371 547 2417 etiam]
560 2369 655 2405 enim
666 2371 697 2405 E
803 2371 825 2405 3
840 2369 940 2415 quid]
953 2368 1049 2415 quod
1063 2371 1094 2403 A
1209 2370 1230 2403 4
1250 2378 1312 2403 nos
1329 2366 1464 2412 utrum]
1479 2357 1582 2401 ἷιῖεἷῖιι
1597 2366 1630 2400 D
1645 2366 1680 2410 (a
1698 2365 1752 2400 m?
1768 2363 1862 2404 add.)

297 2433 316 2467 7
333 2430 558 2467 institutione
567 2430 609 2464 M
671 2429 804 2464 nescire
820 2440 857 2464 se
870 2428 1011 2465 dicebat
1022 2429 1118 2474 om.G
1165 2429 1207 2463 10
1224 2425 1422 2474 pecoribus]
1434 2417 1553 2471 iuffitis
1569 2426 1618 2470 E,
1647 2426 1684 2469 11
1707 2423 1774 2460 illis
1791 2422 1865 2459 ΒΜ

300 2493 342 2527 12
357 2489 573 2537 apparuistis
586 2490 637 2525 Eb
749 2492 871 2523 uentre
888 2499 966 2523 meo
981 2488 1120 2523 EFm2b
1228 2487 1267 2522 13
1283 2486 1499 2532 conpaturA
1591 2482 1779 2520 insensatis
1797 2486 1860 2518 aut

299 2550 425 2587 similis
442 2550 538 2585 facta
555 2552 610 2585 est
623 2547 673 2584 eis
691 2547 776 2593 (illis
790 2547 823 2593 b)
835 2548 886 2583 ΕΙ)
952 2549 992 2583 15
1008 2546 1108 2583 uouis
1126 2546 1160 2581 D
1224 2547 1266 2582 16
1284 2543 1687 2581 utrum—insufflauerit
1701 2544 1741 2579 in
1755 2554 1820 2589 my.
1832 2542 1864 2577 Ε

300 2611 342 2646 19
357 2621 438 2645 cum
452 2610 572 2646 σπι..Εὸ
647 2607 805 2643 animam
820 2608 872 2642 ΕΙ)
925 2638 928 2642 .
971 2609 1010 2643 21
1029 2606 1090 2653 an]
1107 2605 1143 2641 in
1155 2606 1198 2641 M
1290 2608 1414 2641 uentre
1427 2605 1469 2640 M
1539 2601 1692 2649 228339]
1705 2601 1784 2637 aad.
1794 2601 1833 2636 rei
1843 2601 1862 2636 b

302 2672 344 2706 24
367 2670 437 2705 ista
463 2668 588 2704 mulier
605 2669 638 2704 E
766 2667 808 2702 25
831 2666 956 2712 ment]
981 2665 1195 2701 nescientem
1213 2665 1290 2700 ΒΜ
1419 2663 1518 2699 neM
1622 2660 1870 2708 coparoturM

300 2729 343 2765 26
352 2728 527 2775 quidquid
542 2729 613 2764 ΑΕ.
693 2727 737 2763 29
751 2736 816 2772 ego
830 2725 922 2761 enim
937 2724 967 2761 C
1050 2724 1145 2760 enim
1161 2725 1262 2760 om.E
1345 2722 1406 2758 illa
1420 2723 1463 2758 M
1511 2753 1514 2756 .
1552 2722 1598 2758 30
1609 2720 1703 2767 meo]
1718 2719 1854 2755 modob

300 2789 362 2836 an]
377 2791 442 2824 aut
461 2787 522 2824 BG
612 2785 726 2834 primo
743 2784 879 2821 homini
893 2785 968 2820 Ebd
1297 2798 1299 2801 ·
1354 2784 1357 2787 “
1521 2789 1524 2793 ’
1726 2779 1738 2795 “”
1786 2792 1801 2811 .·
1820 2808 1825 2813 ,
