2028 3204
279 204 356 244 244
798 215 864 250 III.
897 214 947 249 De
981 217 1109 251 natura
1140 218 1175 251 et
1207 213 1321 261 gratia

276 339 819 381 antemdesursum
844 346 934 381 est
966 339 1302 395 sapientia,
1324 339 1577 395 primum
1605 340 1847 395 quidem

279 404 501 458 pudiea
551 410 656 454 est,
705 404 927 447 deinde
976 405 1265 460 pacifica,
1316 406 1602 451 modesta,
1652 405 1847 448 suadi-

278 469 441 520 bilis,
489 470 669 525 plena
717 470 1156 513 misericordia
1210 476 1264 512 et
1297 471 1616 513 fructibus
1657 471 1844 521 bonis,

278 535 797 586 inaestimabilis,
830 536 960 578 sine
990 536 1413 578 simulatione.
1435 535 1845 591 haecestsapientia,

278 614 382 655 quae
408 601 592 653 linguam
617 601 773 651 domat,
806 602 1021 643 desursum
1045 602 1308 652 descendens,
1335 616 1415 643 non
1442 602 1494 643 ab
1519 603 1701 644 humano
1727 602 1848 645 corde

280 665 502 720 prosiliens.
540 681 592 708 an
619 672 659 708 et
686 666 813 709 istam
839 667 1011 722 quisque
1038 668 1235 722 abrogare
1261 667 1388 709 audet
1412 667 1569 723 gratiae
1595 666 1660 709 dei
1686 671 1727 709 et
1754 681 1847 709 eam

277 731 567 786 superbissima
596 732 785 774 uanitate
811 732 928 787 ponit
952 733 993 774 in
1020 733 1197 774 hominis
1216 732 1456 787 potestate?
1492 746 1563 775 cur
1587 746 1681 787 ergo
1708 737 1848 775 oratur

279 803 323 838 ut
352 797 592 852 accipiatur,
632 797 665 839 si
691 798 743 839 ab
771 798 935 840 homine
963 803 1024 839 est
1052 803 1099 840 ut
1125 798 1358 840 habeatur?
1402 812 1454 840 an
1482 804 1524 839 et
1550 798 1645 840 huie
1672 797 1848 840 orationi

279 863 589 915 emitradieitur,
629 877 678 905 ne
720 863 794 905 fiat
833 863 981 905 iniuria
1020 863 1146 905 libero
1185 863 1370 913 arbitrio,
1426 865 1535 918 quod
1576 863 1654 905 sibi
1692 863 1847 905 suffieit

279 928 553 983 possibilitate
571 934 743 971 naturae
761 930 811 970 ad
831 929 1027 984 inplenda
1045 929 1181 971 omnia
1200 934 1417 983 praecepta
1437 928 1651 971 iustitiae?
1685 934 1849 971 contra-

277 994 439 1035 dicatur
467 1008 560 1049 ergo
588 994 720 1035 eidem
746 994 825 1049 ipsi
852 995 1039 1049 apostolo
1072 995 1220 1036 Iacobo
1248 994 1503 1036 ammonenti
1531 1000 1570 1035 et
1598 994 1771 1036 dicenti:
1798 994 1847 1035 si

281 1059 415 1113 quis
453 1065 653 1101 autem
689 1066 963 1102 uestrum
1000 1059 1242 1115 indiget
1279 1059 1612 1114 sapientia,
1650 1065 1851 1114 postu-

279 1126 363 1166 let
409 1139 430 1166 a
476 1125 593 1170 deo,
642 1125 740 1179 qui
785 1126 885 1167 dat
933 1126 1210 1167 omnibus
1255 1125 1575 1167 afluenter
1633 1131 1688 1166 et
1739 1138 1848 1166 non

278 1190 663 1245 inproperat.
725 1196 779 1232 et
841 1191 1098 1233 (labitur
1158 1191 1227 1240 ei:
1290 1191 1573 1245 postulet
1649 1195 1849 1231 autem

279 1256 288 1296 i
309 1270 333 1297 ιι
368 1256 409 1296 fi
429 1257 453 1297 d
474 1271 494 1297 e
528 1270 551 1297 n
572 1256 583 1297 i
601 1257 624 1298 h
646 1256 655 1297 i
676 1257 684 1297 l
717 1257 741 1298 h
761 1271 783 1298 a
802 1271 822 1297 e
840 1270 857 1297 s
876 1256 887 1297 i
907 1262 922 1297 t
942 1271 965 1298 a
982 1270 1008 1298 ιι
1027 1271 1057 1298 s.
1085 1257 1185 1298 haee
1204 1261 1265 1297 est
1284 1256 1399 1305 fides,
1416 1256 1468 1298 ad
1488 1269 1613 1310 quarn
1630 1260 1848 1310 praecepta

279 1322 530 1376 conpellunt,
550 1328 595 1363 ut
621 1323 685 1363 lex
710 1322 895 1376 imperet.
923 1322 1023 1363 fides
1048 1322 1254 1376 impetret.
1283 1335 1352 1376 per
1376 1321 1560 1374 linguam
1582 1321 1703 1370 enim,
1725 1334 1849 1375 quam

278 1387 413 1428 nullus
434 1387 650 1429 hominum
669 1388 836 1429 domare
858 1394 1008 1442 potest,
1038 1388 1107 1429 sed
1128 1387 1331 1442 sapientia
1351 1387 1566 1428 desursum
1585 1386 1847 1435 descendens,

280 1453 335 1494 in
381 1467 422 1493 ιιι
441 1467 464 1494 ιι
484 1453 494 1493 l
514 1458 531 1494 t
549 1453 560 1493 i
579 1468 595 1493 s
645 1468 666 1494 o
686 1453 770 1494 ffe
789 1467 813 1494 ιι
832 1453 859 1494 d
877 1453 888 1494 i
907 1445 991 1495 mu
1010 1467 1027 1494 s
1075 1467 1098 1495 o
1116 1466 1157 1494 m
1175 1467 1287 1494 nes
1337 1452 1559 1494 nonenim
1592 1459 1631 1493 et
1665 1452 1741 1493 hoe
1774 1450 1850 1493 iste

279 1519 491 1572 apostolus
524 1518 603 1560 alio
631 1519 754 1560 modo
774 1518 1060 1573 pronuntiauit
1080 1518 1184 1560 sicut
1204 1518 1303 1560 illud
1325 1519 1432 1572 quod
1467 1517 1544 1559 ait:
1580 1517 1591 1558 l
1611 1516 1621 1557 i
1640 1531 1663 1558 n
1682 1531 1707 1571 g
1725 1531 1749 1558 u
1769 1531 1791 1558 a
1810 1530 1851 1558 m

280 1584 488 1625 nullus
534 1584 838 1626 hominum
881 1585 1121 1625 domare
1167 1589 1391 1638 potest.

387 1661 525 1703 XVII.
564 1663 624 1703 18.
680 1662 761 1702 Nee
796 1661 895 1703 illud
932 1661 1151 1715 quisquam
1185 1660 1274 1701 istis
1311 1673 1381 1714 pro
1418 1659 1733 1714 inpossibilitate
1768 1672 1849 1700 non

280 1726 676 1780 peccandisimiliter
694 1726 901 1774 obiecerit,
917 1727 1024 1780 quod
1043 1726 1299 1768 dictumest:
1320 1739 1337 1766 s
1353 1740 1374 1767 a
1393 1739 1418 1779 p
1432 1725 1445 1766 i
1461 1740 1480 1766 e
1496 1738 1520 1766 n
1538 1730 1553 1766 t
1571 1724 1580 1765 i
1596 1739 1619 1766 a
1643 1739 1663 1765 e
1681 1739 1705 1766 a
1721 1738 1741 1765 r
1758 1737 1785 1765 ιι
1802 1723 1815 1765 i
1833 1738 1850 1764 s

281 1791 535 1833 inimica,
585 1799 675 1833 est
726 1792 781 1833 in
831 1793 1019 1841 deum;
1069 1791 1190 1842 legi
1239 1790 1392 1832 enim
1442 1790 1537 1832 dei
1600 1795 1851 1831 nonest

281 1857 584 1908 subiecta,
621 1871 723 1899 nee
756 1857 909 1899 enim
946 1862 1168 1911 potest.
1205 1856 1304 1910 qui
1352 1860 1551 1897 autem
1583 1855 1637 1896 in
1671 1868 1851 1896 earne

281 1937 297 1963 s
318 1937 342 1964 u
362 1937 386 1964 ιι
406 1931 435 1967 t,
483 1924 507 1964 d
527 1937 547 1964 e
566 1939 588 1964 o
635 1937 660 1977 p
679 1923 689 1964 l
708 1937 730 1964 a
749 1937 769 1964 e
787 1936 843 1964 er
861 1937 880 1963 e
941 1936 967 1964 ιι
986 1937 1008 1964 o
1026 1936 1051 1964 n
1098 1936 1123 1977 p
1142 1937 1164 1963 o
1182 1935 1199 1962 s
1218 1936 1235 1963 s
1254 1936 1280 1963 u
1298 1935 1324 1963 n
1343 1927 1372 1963 t.
1421 1920 1668 1975 sapientiam
1699 1920 1851 1974 quippe
1905 1932 1916 1940 ·

282 1988 413 2030 carnis
445 1988 564 2038 dixit,
603 2002 684 2030 non
716 1988 965 2043 sapientiam
994 1989 1210 2030 desursum
1238 1987 1555 2029 descendentem
1586 1990 1626 2026 et
1658 1985 1699 2027 in
1731 1998 1851 2027 carne

375 2133 413 2166 11
439 2130 507 2166 Iac.
524 2134 555 2172 1,
572 2132 592 2165 5
738 2132 789 2166 16.
811 2132 850 2166 17
870 2131 914 2165 cf.
933 2131 1001 2165 Iac.
1019 2131 1051 2172 3,
1064 2131 1096 2165 8.
1118 2131 1157 2164 15
1294 2130 1338 2164 18
1356 2129 1424 2163 Iac.
1437 2129 1469 2169 3,
1487 2129 1506 2163 2
1634 2127 1674 2162 19
1692 2127 1761 2162 Iac.
1777 2128 1812 2168 3,
1829 2126 1850 2162 8

289 2193 331 2226 22
355 2192 457 2226 Rom.
483 2192 515 2232 8,
539 2192 569 2226 7.
593 2194 614 2226 ὅ

375 2281 394 2314 2
409 2279 591 2315 modestwa
604 2279 635 2314 R
693 2291 757 2314 sua
776 2279 897 2314 debilis
908 2279 994 2314 Em]
1069 2280 1090 2313 3
1107 2277 1362 2313 misericordiae
1375 2277 1465 2312 codd.
1536 2274 1849 2320 4inaestimabilis]

286 2350 356 2374 ιιυιι
384 2339 542 2374 iudicans
562 2340 657 2374 Oros.
789 2341 809 2374 6
833 2338 1020 2385 quisquam
1033 2339 1075 2374 bd
1198 2340 1301 2372 autet
1322 2337 1404 2372 Lm]
1425 2335 1556 2372 auodet
1566 2335 1599 2370 R
1695 2334 1808 2381 gratia
1831 2334 1849 2368 b

285 2401 304 2434 7
319 2398 626 2445 superbissimam
748 2398 908 2434 banitate
925 2398 1009 2434 Em]
1120 2398 1330 2443 ponetOros
1454 2396 1476 2431 9
1496 2393 1849 2431 xie—contradicatur

286 2458 437 2504 1⁷72qu
520 2457 645 2503 quodsi
656 2458 723 2493 sibi
741 2459 833 2493 Oros.
921 2459 958 2494 11
986 2457 1111 2504 eidem]
1138 2460 1173 2492 et
1196 2456 1288 2491 idem
1297 2456 1391 2491 Oros.
1469 2454 1536 2501 ipsi
1552 2455 1603 2490 s.l.
1618 2454 1707 2489 Vm?
1730 2453 1805 2498 ipso
1820 2452 1851 2487 B

286 2518 411 2554 iacobo
427 2518 508 2564 aplo
523 2518 553 2552 V
626 2519 679 2565 *12
701 2517 956 2563 sapientiamR
978 2516 1189 2564 sapientiam
1200 2516 1228 2551 0
1247 2514 1417 2561 sapientie
1432 2514 1463 2548 B
1549 2516 1591 2550 13
1600 2513 1807 2550 *om-nibus
1819 2511 1852 2547 R

285 2577 475 2613 affluenter
487 2576 684 2613 DRVBCE
705 2577 900 2612 affluanter
912 2578 930 2611 b
1048 2567 1053 2572 ⁸
1096 2576 1138 2612 15
1151 2577 1235 2611 haec
1251 2579 1305 2610 est-
1320 2574 1408 2610 fides
1421 2576 1463 2618 ut
1475 2573 1522 2609 ad
1533 2583 1637 2619 quem
1651 2574 1690 2617 (a
1703 2583 1728 2608 s.
1748 2581 1768 2615 9
1777 2571 1850 2615 m2)

284 2637 372 2673 fides
384 2637 415 2672 V
513 2640 702 2683 praecepta
715 2637 755 2672 in
768 2647 832 2683 my.
850 2636 937 2672 Vm?
1047 2635 1087 2672 16
1099 2637 1179 2671 ante
1190 2635 1278 2671 fides
1289 2634 1366 2670 add.
1383 2637 1419 2669 ot
1433 2632 1605 2669 DPCEbd
1696 2630 1848 2677 inpetrat

285 2700 318 2740 (t
340 2708 392 2742 pr.
416 2698 484 2742 ελ.)
495 2697 566 2732 DI'
641 2695 962 2743 per—descendens
974 2706 1038 2731 om.
1047 2696 1141 2731 Oros.
1233 2695 1272 2730 17
1285 2693 1429 2729 descens
1439 2692 1525 2728 le
1608 2692 1650 2727 19
1663 2690 1737 2737 agit
1747 2690 1850 2726 Ram.

288 2757 329 2791 22
341 2762 395 2792 ost
412 2769 475 2792 om.
491 2756 578 2792 Vm]
658 2757 701 2792 23
715 2755 752 2791 in
761 2755 865 2791 doum
879 2758 932 2790 est
946 2755 978 2790 E
1047 2754 1084 2790 in
1096 2753 1218 2800 deum]
1229 2753 1398 2789 decoros.
1473 2753 1555 2788 ante
1567 2750 1636 2797 legi
1651 2760 1735 2787 eras.
1753 2749 1806 2797 leg
1818 2750 1850 2785 P

292 2815 335 2851 26
357 2816 540 2852 derursum
554 2816 585 2851 P

1880 940 1917 968 io

1882 1266 1918 1294 15

1879 1594 1920 1623 20
