2028 3204
289 156 371 200 340
719 168 778 205 IV.
810 167 864 205 De
894 173 1023 206 natura
1050 174 1086 206 et
1114 169 1244 217 origine
1273 170 1410 207 animae

287 292 418 335 credis
451 293 564 349 quod
596 306 689 349 ego;
737 294 771 336 si
803 299 945 337 autem
984 308 1035 337 ex
1066 294 1207 351 aliqua
1237 295 1321 339 alia
1346 301 1550 349 creatura,
1593 311 1698 354 quae
1745 299 1856 343 unde

285 358 425 400 anima
460 358 579 401 fieret
625 364 845 414 tamquam
891 359 1083 403 materies
1121 360 1363 405 subiacebat
1410 362 1562 406 artifici
1608 363 1699 415 deo,
1747 363 1856 408 sicut

285 423 434 478 puluis,
483 425 592 467 unde
624 425 744 467 fieret
775 425 924 477 Adam,
975 424 1040 468 uel
1072 430 1189 469 costa
1221 426 1319 479 eius,
1354 427 1462 471 unde
1494 426 1600 479 Eua,
1643 429 1710 472 uel
1740 429 1852 473 sicut

285 501 433 544 aquae,
483 489 593 532 unde
625 490 757 546 pisces
789 495 831 533 et
863 491 1064 543 uolucres,
1101 491 1168 534 uel
1198 491 1307 535 sicut
1338 496 1463 544 terra,
1512 493 1622 537 unde
1654 495 1854 538 animalia

287 567 476 610 quaeque
505 556 730 607 terrestria,
774 569 858 600 non
888 561 951 600 est
985 556 1249 606 catholicum,
1295 572 1378 601 non
1413 563 1476 602 est
1501 573 1656 603 uerum.
1705 561 1850 616 quodsi

283 633 418 676 neque
447 634 498 663 ex
536 621 664 664 nihilo
690 634 824 676 neque
855 636 907 665 ex
928 621 1011 665 alia
1031 636 1292 680 quacumque
1317 629 1519 672 creatura.
1560 625 1630 668 sed
1651 639 1703 669 ex
1723 632 1853 670 semet

283 685 372 740 ipso
390 687 528 737 deum,
550 686 627 730 hoc
649 693 711 730 est
731 701 783 730 ex
800 692 954 731 natura
976 701 1052 731 sua
1074 688 1218 732 fecisse
1239 689 1304 732 uel
1325 689 1458 733 facere
1486 690 1646 732 animas
1665 716 1716 721 —
1738 693 1847 748 quod

283 749 415 794 absit!
455 776 507 781 —
537 752 763 805 existimas,
811 753 890 796 hoc
918 753 1085 808 quidem
1120 755 1173 797 ab
1205 754 1286 798 isto
1322 755 1518 806 didicisti,
1564 754 1634 799 sed
1664 770 1747 800 non
1775 757 1854 800 tibi

282 817 470 871 gratulor
486 831 620 874 neque
641 818 851 869 blandi0r3
877 820 995 876 longe
1016 833 1110 862 cum
1131 819 1199 863 illo
1220 833 1245 862 a
1263 819 1346 863 fide
1368 819 1573 864 catholica
1591 821 1850 866 exorbitasti.

282 882 536 927 tolerabilius
562 883 672 925 enim
706 908 756 913 —
798 885 908 939 quod
942 885 1109 939 quidem
1151 884 1302 929 falsum
1349 891 1426 938 est,
1469 891 1624 938 tamen,
1668 892 1715 930 ut
1749 887 1851 939 dixi,

283 947 542 991 tolerabilius
567 973 618 978 —
649 962 698 991 ex
725 949 866 1005 aliqua
889 951 970 993 alia
1002 955 1205 1003 creatura,
1229 964 1354 1006 quam
1383 953 1550 1009 quidem
1583 954 1665 996 iam
1698 954 1853 997 fecerat

286 1014 399 1063 deus,
436 1026 561 1067 quam
594 1029 644 1057 ex
675 1014 741 1058 dei
776 1021 929 1058 natura
959 1017 1142 1060 animam
1170 1017 1383 1060 conditam
1415 1019 1613 1069 crederes,
1644 1023 1705 1069 ut,
1740 1018 1852 1074 quod
1890 1076 1895 1081 ἰ

289 1078 351 1122 est
379 1079 606 1131 mutabiliS,
643 1080 753 1134 quod
777 1086 936 1137 peccat,
974 1082 1082 1137 quod
1106 1081 1157 1125 fit
1182 1082 1323 1138 impia,
1347 1085 1458 1138 quod
1488 1083 1628 1135 etiam,
1663 1083 1697 1126 si
1725 1085 1854 1139 impia

281 1145 568 1200 perdurauerit
589 1146 631 1187 in
651 1146 748 1198 fine,
769 1147 856 1189 sine
875 1147 959 1189 fine
979 1148 1260 1199 damnabitur,
1283 1162 1365 1191 non
1385 1149 1438 1191 ad
1459 1149 1524 1191 dei
1544 1154 1738 1192 naturam
1758 1163 1852 1192 cum

280 1211 486 1253 horrenda
508 1211 766 1267 blasphemia
785 1212 1016 1255 referretur.
1055 1213 1183 1265 abice,
1206 1213 1346 1265 frater,
1370 1214 1498 1266 abice,
1523 1214 1702 1267 obsecro,
1725 1215 1849 1258 istam

280 1289 364 1319 non
380 1276 503 1331 plane
519 1277 659 1328 fidem,
678 1278 749 1320 sed
767 1279 1041 1321 exsecrandae
1056 1278 1284 1334 impietatis
1301 1293 1491 1331 errorem,
1509 1293 1559 1322 ne
1575 1280 1699 1323 homo
1714 1281 1851 1335 grauis

283 1343 478 1395 seductus
499 1356 524 1384 a
544 1342 692 1385 iuuene
714 1348 755 1385 et
776 1357 802 1386 a
820 1343 924 1386 laico
945 1343 1173 1400 presbyter,
1195 1358 1290 1387 cum
1311 1345 1435 1388 istam
1456 1345 1703 1388 catholicam
1724 1345 1850 1389 fidem

280 1421 367 1450 esse
388 1407 615 1459 arbitraris,
639 1409 689 1450 de
708 1421 877 1451 numero
895 1409 1081 1452 fidelium
1100 1435 1150 1439 —
1165 1411 1275 1465 quod
1293 1415 1378 1453 ate
1394 1415 1559 1453 auertat
1576 1411 1767 1454 dominus
1780 1411 1789 1453 !
1802 1437 1852 1442 —

280 1474 484 1516 eximaris.
504 1487 586 1515 non
608 1474 716 1516 enim
741 1474 798 1516 sic
817 1478 956 1517 tecum
977 1476 1183 1531 agendum
1209 1480 1270 1518 est
1295 1481 1343 1518 ut
1367 1490 1460 1518 cum
1478 1476 1548 1519 illo
1572 1482 1645 1519 aut
1664 1490 1712 1520 ea
1730 1477 1852 1520 uenia

278 1544 377 1581 tuus
390 1539 469 1581 iste
483 1543 572 1581 tam
586 1539 815 1582 horrendus
830 1553 914 1595 qua
926 1540 1086 1583 iuuenis
1100 1541 1220 1592 illius,
1237 1541 1332 1583 licet
1347 1541 1400 1584 ab
1415 1541 1484 1583 illo
1499 1542 1552 1584 ad
1566 1547 1608 1584 te
1622 1542 1844 1593 transierit,

278 1617 388 1646 error
411 1610 473 1647 est
497 1604 656 1659 dignus,
697 1605 763 1648 ille
788 1605 886 1648 ouili
909 1606 1111 1649 catholico
1136 1607 1345 1649 sanandus
1369 1620 1500 1661 nuper
1522 1608 1705 1658 accessit,
1731 1612 1779 1650 tu
1802 1607 1845 1650 in

278 1670 490 1712 catholicis
513 1670 750 1724 pastoribus
773 1671 997 1725 deputaris.
1038 1671 1231 1715 nolumus
1252 1673 1312 1714 ita
1336 1677 1501 1714 curetur
1524 1685 1629 1727 quae
1653 1673 1768 1715 uenit
1791 1673 1845 1715 ab

278 1748 411 1778 errore
429 1736 482 1778 ad
501 1737 755 1778 dominicum
771 1750 949 1792 gregem,
968 1741 1015 1779 ut
1032 1737 1144 1792 prius
1162 1737 1358 1793 pestifera
1375 1738 1620 1793 contagione
1637 1738 1850 1793 disperdat

278 1802 367 1844 ouis
396 1801 580 1844 ulcerosa
607 1806 829 1857 pastorem.

387 1868 421 1909 7.
443 1866 599 1917 Quodsi
617 1867 736 1909 dicis:
762 1867 850 1910 ‘hoc
870 1880 937 1909 me
956 1866 1022 1909 ille
1042 1881 1124 1910 non
1145 1868 1286 1911 docuit
1307 1881 1381 1910 nec
1400 1868 1496 1916 huic
1516 1868 1640 1911 errori
1660 1868 1745 1911 eius
1766 1867 1847 1910 ullo

276 1932 402 1974 modo
415 1932 645 1987 quamlibet
657 1933 798 1975 diserti
813 1937 854 1975 et
868 1932 1002 1975 ornati
1013 1933 1211 1976 sermonis
1224 1933 1399 1976 inlectus
1413 1933 1621 1976 suauitate
1633 1933 1846 1985 consensi‘,

276 2010 353 2052 ago
399 1997 585 2053 ingentes
624 1999 700 2040 deo
740 1998 907 2054 gratias.
948 1998 1019 2040 sed
1062 2012 1228 2054 quaero,
1274 1999 1382 2042 unde
1420 1998 1478 2041 illi
1511 2003 1638 2054 caput
1679 2011 1847 2041 exoscu-

276 2061 398 2114 latus,
423 2067 471 2105 ut
495 2063 659 2115 dicitur,
683 2064 837 2119 gratias
862 2063 988 2120 egeris
1011 2068 1054 2106 te
1077 2063 1266 2107 didicisse
1290 2065 1403 2120 quod
1427 2077 1556 2120 usque
1579 2064 1634 2107 ad
1657 2063 1846 2107 auditam

277 2127 604 2183 disputa-tionem
624 2128 731 2171 illius
751 2129 970 2185 ignorabas
990 2133 1076 2180 aut,
1098 2129 1131 2171 si
1149 2129 1300 2173 falsum
1320 2133 1382 2172 est
1400 2129 1479 2172 hoc
1497 2134 1540 2172 te
1559 2128 1700 2172 fecisse
1719 2133 1846 2184 atque

277 2192 441 2245 dixisse,
472 2193 551 2236 hoc
580 2195 717 2250 ipsum
747 2199 845 2250 peto
875 2194 994 2238 nobis
1023 2194 1215 2238 intimare
1244 2195 1436 2250 digneris,
1467 2199 1515 2237 ut
1544 2194 1677 2237 inanis
1707 2207 1847 2237 rumor

366 2323 388 2357 3
406 2322 450 2358 cf.
470 2323 555 2358 Gen.
575 2324 607 2365 2,
625 2325 655 2359 7.
672 2325 715 2360 22

365 2414 380 2447 1
411 2411 495 2457 quid
512 2413 543 2447 Ε
578 2423 643 2458 ago
661 2414 692 2447 E
823 2413 941 2450 anima
957 2413 1048 2449 unde
1066 2414 1166 2450 fieret
1178 2414 1196 2449 b
1328 2413 1424 2449 unda
1444 2412 1529 2449 Gm1
1668 2414 1689 2448 4
1705 2423 1799 2459 aqua
1810 2413 1842 2448 D

279 2480 399 2506 uocres
414 2471 446 2506 A
516 2472 537 2507 8
553 2471 740 2507 exestimas
751 2474 783 2508 A
862 2474 903 2509 15
919 2473 1086 2509 referetur
1096 2474 1150 2509 Ab
1163 2473 1324 2509 referitur
1338 2483 1380 2509 ex
1392 2473 1590 2524 referretur—
1588 2472 1620 2507 F
1702 2472 1744 2508 16
1759 2482 1841 2507 exe-

278 2530 405 2582 cr-ande
419 2529 449 2567 0
523 2531 565 2566 18
580 2531 791 2567 arbitiarisG
874 2543 896 2568 a
911 2532 961 2579 te]
977 2535 1061 2569 ante
1071 2532 1100 2568 0
1183 2533 1225 2580 19
1240 2532 1457 2569 exestimaris
1477 2531 1542 2568 Ao
1556 2529 1801 2567 Nexistimoris
1811 2531 1844 2566 F

278 2589 327 2634 (N
341 2589 532 2631 s.l.m2‚alt.
547 2601 564 2626 e
583 2600 609 2625 s.
629 2592 727 2636 pml)
748 2590 984 2627 excludarisE
1084 2595 1202 2628 tecum
1216 2592 1265 2628 sic
1281 2592 1300 2627 b
1421 2591 1465 2628 20
1488 2601 1559 2638 qua
1573 2600 1638 2627 om.
1650 2589 1684 2625 A
1703 2590 1839 2636 quiEb

277 2649 316 2684 21
334 2648 401 2685 iste
416 2648 578 2696 indignus
590 2650 623 2685 E
688 2686 694 2693 ,
738 2649 867 2687 ouiloG
981 2652 1026 2687 22
1038 2651 1120 2687 ueni
1132 2651 1165 2687 A
1289 2652 1332 2687 24
1349 2661 1432 2686 oues
1443 2650 1477 2686 A
1599 2648 1643 2685 25
1659 2647 1789 2684 ullomo
1803 2650 1837 2685 A

275 2708 318 2744 26
333 2707 471 2745 disserti
486 2708 545 2745 BG
629 2710 673 2745 23
688 2712 724 2745 te
739 2709 836 2747 om.C
919 2710 964 2746 29
978 2709 1146 2756 ignorabo
1161 2700 1230 2756 {D
1245 2710 1300 2756 (in
1311 2721 1377 2757 mq.
1394 2710 1456 2755 ba)
1531 2706 1838 2756 atque—digneris

275 2767 330 2812 (in
346 2779 408 2814 mq.
423 2779 466 2804 m.
481 2779 542 2804 rec.
558 2767 712 2815 omissio)
725 2769 823 2806 om.F
875 2759 966 2815 antii
974 2769 1008 2805 D
1078 2771 1124 2806 30
1139 2768 1303 2806 didicisse
1312 2769 1346 2805 A
1400 2768 1455 2816 ut]
1471 2767 1579 2804 uelim
1588 2767 1619 2804 F

1884 899 1922 930 10

1883 1226 1966 1259 1³

1876 1553 1920 1585 zo
1964 1558 1970 1597 χ

1875 1880 1965 1911 28

1873 2205 1917 2236 30
