2028 3204
265 175 344 217 674

311 294 466 341 repperio
478 293 635 339 significo
648 293 724 328 sino
737 303 880 339 suggero
895 296 1010 334 teneo;

309 356 352 398 cs.
377 354 475 388 eh'am
501 363 662 398 appareo.

263 413 445 448 infinitum
471 415 609 457 tempus
636 410 652 446 1
676 411 752 452 325,
780 412 832 447 10.
860 411 911 446 16.
937 411 1014 453 366,

310 473 352 507 20
376 474 432 506 cet.

262 530 451 566 infirmitas
477 529 649 575 passionis
677 529 693 564 Ι
722 530 797 571 118,
824 529 855 564 6.
896 529 1015 565 multi-

309 589 446 635 plicatis
471 588 741 624 infirmitatibus
770 588 806 623 II
833 588 887 631 45,
916 590 946 624 9.

261 649 440 683 infirmare
471 648 682 683 sententiam
715 647 731 682 I
761 648 816 690 54,
847 648 900 683 20.
944 658 1016 683 non

306 708 466 742 infirmat
518 707 610 753 (opp.
665 707 867 752 confimat)
920 708 1015 753 quod

307 768 442 802 dictum
466 770 520 802 est
545 766 561 801 1
585 768 663 809 220,
687 768 740 802 21.
778 770 940 812 peccator
962 767 1015 801 in-

307 827 471 862 firmatus
487 829 542 862 est
560 825 576 861 I
594 827 669 868 249,
688 827 738 862 12.
759 829 1014 862 testamentum

307 898 378 921 non
416 886 592 922 infirmari
634 885 650 920 Ι
680 886 756 927 492,
801 887 854 922 29.
879 886 956 928 493,
981 886 1012 921 6.

260 945 481 980 inflammare
514 948 664 990 sequente
696 945 762 989 ins.
798 945 814 980 I
849 944 924 987 157,
961 946 1012 980 17.

259 1016 400 1051 inflatio
420 1016 509 1051 utris
530 1015 546 1051 I
565 1017 641 1057 363,
663 1017 692 1051 2.
715 1017 745 1051 7.
766 1017 842 1058 364,
863 1016 894 1052 8.
928 1017 1015 1062 quid

306 1079 358 1110 est
375 1079 494 1111 autem
512 1075 608 1110 aliud
626 1075 731 1110 elatio
749 1086 856 1121 quam
872 1075 1013 1111 inflatio

310 1135 345 1170 Il
370 1135 445 1177 135,
471 1135 523 1170 18.

259 1194 395 1229 inflecti
424 1194 470 1229 ad
501 1194 679 1229 tramitem
710 1194 858 1229 rationis
890 1192 906 1229 I
936 1195 1012 1237 357,

306 1255 358 1289 11.
383 1254 461 1296 376,
487 1256 539 1290 13.
566 1253 618 1289 15.
646 1255 698 1289 24.

258 1325 464 1360 inflexiones
496 1325 590 1360 dorsi
622 1325 765 1360 ceruicis
797 1329 831 1360 et
863 1323 1012 1360 laterum

307 1384 342 1419 11
368 1385 444 1426 218,
469 1386 522 1420 23.

257 1444 414 1489 infligere
436 1444 589 1479 dolorem
613 1443 649 1478 11
671 1444 746 1486 284,
770 1445 822 1479 12.
856 1454 1011 1479 morsum

306 1503 321 1537 1
340 1503 415 1545 115,
434 1504 463 1538 7.
493 1506 643 1538 mortem
662 1503 678 1537 Ι
696 1503 771 1545 125,
790 1504 842 1539 19.
862 1503 938 1546 150,
957 1504 1009 1539 15.

304 1562 433 1597 uitium
460 1562 475 1597 I
500 1564 575 1604 277,
601 1564 653 1598 27.
679 1564 755 1605 279,
780 1565 831 1598 11.

258 1633 382 1668 inflare
400 1637 514 1668 utrem
536 1633 551 1668 I
569 1635 645 1675 362,
665 1635 717 1669 22.
737 1634 813 1676 363,
833 1635 863 1669 2.
883 1635 960 1676 364,
980 1635 1010 1670 1.

305 1694 356 1728 11.
381 1693 559 1728 auditores
580 1693 678 1727 inani
702 1693 851 1739 strepitu
874 1693 1013 1729 uentosi

304 1752 471 1787 sermonis
487 1753 612 1787 inflare
633 1752 649 1788 Ι
667 1753 743 1794 364,
764 1754 816 1788 13.
850 1753 892 1788 de
911 1753 1013 1788 bonis

302 1811 420 1846 inflari
445 1811 461 1847 Ι
484 1813 560 1854 170,
585 1813 637 1847 20.
674 1823 778 1858 quem
802 1811 908 1848 falsae
932 1813 1014 1848 doc-

303 1871 416 1906 trinae
442 1874 570 1906 uentus
594 1871 784 1906 inflauerat
812 1870 849 1906 11
876 1873 951 1914 171,
979 1873 1009 1907 7.

256 1941 444 1977 informare
470 1942 617 1988 legentis
643 1942 801 1978 animum
831 1942 847 1978 1
876 1943 950 1986 106,
978 1943 1009 1979 6.

302 2013 359 2036 eos
376 2002 593 2037 informabat
609 2003 655 2037 ad
673 2003 903 2038 hereditatem
922 2003 1011 2038 salu-

303 2060 350 2095 tis
373 2064 534 2096 aeternae
561 2061 577 2096 I
602 2062 677 2103 118,
702 2063 732 2097 7.

256 2119 473 2155 infructuose
497 2121 611 2156 dicere
637 2121 653 2155 Ι
676 2121 753 2164 541,
778 2122 808 2156 6.

255 2190 420 2225 infundo:
454 2192 549 2236 quod
582 2192 736 2237 deceptis
768 2192 928 2228 diabolus
958 2192 1011 2227 in-

300 2249 396 2285 fudit
414 2250 452 2284 in
474 2250 562 2285 uitio
587 2250 623 2285 11
646 2252 723 2293 280,
745 2251 776 2286 5.
810 2251 1012 2287 infunditur

301 2319 418 2344 semen
432 2309 563 2354 gremio
580 2309 708 2352 11271,
724 2312 777 2352 19,
793 2311 836 2354 cs.
854 2311 938 2353 111,
956 2312 1008 2346 17.

256 2368 450 2414 ingemesco
476 2371 627 2413 sequente
650 2380 718 2404 acc.
745 2372 773 2404 et
796 2370 863 2414 ins.
891 2370 907 2405 I
932 2372 1009 2412 440,

301 2429 354 2463 22.
383 2428 518 2474 gemitu
531 2428 601 2464 isto
616 2428 884 2474 ingemescimus
902 2429 918 2464 I
933 2431 1009 2472 443,

304 2487 356 2523 18.

256 2546 435 2592 ingenero:
453 2546 568 2582 malae
586 2546 806 2582 ualetudines
823 2551 1010 2593 parentum

299 2605 550 2652 ingenerantur
572 2606 726 2652 quodam
749 2607 854 2642 modo
877 2607 916 2642 in
938 2618 1010 2642 cor-

300 2665 445 2711 poribus
467 2665 623 2701 filiorum
649 2665 686 2701 11
708 2666 785 2708 316,
812 2668 840 2701 1.

255 2724 396 2770 ingenia
417 2724 611 2760 fortissima
633 2728 670 2761 et
692 2725 870 2761 celerrima
895 2724 912 2760 1
935 2726 1010 2768 236,

301 2784 354 2820 24.
395 2784 552 2820 humana
576 2784 717 2831 ingenia
745 2784 761 2820 I
786 2786 841 2827 32,
869 2785 922 2820 10.

677 174 744 210 ΙΙΙ.
771 173 881 210 Index
905 174 1094 210 uerborum
1118 177 1155 210 et
1177 174 1416 211 elocutionum

1085 293 1220 339 ingero:
1242 293 1443 329 nolentibus
1463 305 1499 330 se
1519 294 1648 341 ingerit
1669 294 1686 331 1
1706 296 1783 339 452,
1804 298 1836 339 4,

1131 353 1175 397 cl.
1207 352 1223 387 Ι
1250 353 1328 394 304,
1358 354 1410 389 10.
1453 364 1557 399 quem
1585 354 1743 401 (librum)
1771 355 1839 391 tibi

1132 423 1203 447 non
1214 411 1404 458 ingererem
1419 411 1457 448 11
1468 413 1544 455 252,
1560 414 1612 456 12,
1625 414 1670 458 cs.
1685 413 1791 457 1362,
1803 416 1835 451 3.

1132 470 1201 506 nisi
1224 482 1326 517 opere
1351 471 1540 507 nutrientis
1562 472 1708 509 inmotis
1732 473 1838 510 labris

1133 530 1262 576 papilla
1293 530 1410 566 uberis
1438 531 1618 578 ingeratur
1650 532 1666 567 1
1696 533 1750 575 69,
1783 534 1836 576 27,

1133 590 1177 634 cs.
1204 589 1220 625 I
1243 590 1320 632 363,
1345 591 1398 626 20.
1423 591 1476 626 24.
1501 592 1577 633 413,
1603 593 1655 628 13.

1086 648 1261 695 ingratus:
1278 660 1348 684 non
1363 650 1411 685 sit
1422 650 1581 696 ingratus
1595 651 1660 687 deo
1677 651 1784 694 1349,
1801 654 1836 694 1;

1132 709 1175 752 es.
1195 708 1210 743 Ι
1225 709 1279 751 51,
1297 710 1349 745 23.
1369 710 1445 752 100,
1462 710 1514 745 27.
1533 711 1608 752 161,
1625 711 1678 747 10.
1709 710 1745 746 ΙΙ
1761 712 1836 754 103,

1133 769 1186 803 20.

1086 826 1291 873 ingressum,
1304 827 1369 862 hoc
1381 831 1434 877 est
1445 827 1511 863 iter
1522 832 1692 871 nostrum,
1704 830 1836 865 munda

1132 887 1282 922 mundat
1305 887 1418 922 oratio
1445 887 1480 922 II
1504 889 1559 930 20,
1584 889 1635 924 17.

1085 946 1289 981 inhabitans
1313 946 1457 992 spiritus
1482 947 1498 982 I
1522 948 1553 989 9,
1579 949 1632 983 10.
1659 948 1733 990 146,
1759 950 1810 984 14.

1086 1005 1301 1050 inhabitatio
1326 1008 1462 1041 terrena
1487 1006 1502 1041 I
1526 1007 1602 1049 274,
1628 1008 1680 1043 18.

1086 1065 1263 1100 inhaerere
1286 1068 1431 1111 peccato
1457 1065 1474 1100 I
1497 1067 1574 1108 310,
1600 1067 1652 1102 15.
1690 1067 1837 1102 creatori

1133 1123 1150 1159 I
1175 1124 1250 1167 157,
1276 1125 1328 1167 17,
1353 1125 1397 1169 cl.
1423 1124 1440 1160 1
1464 1126 1539 1167 133,
1565 1126 1617 1161 17.

1085 1183 1243 1219 inhibeo:
1294 1184 1516 1219 temerarium
1565 1196 1703 1220 cursum
1751 1185 1837 1221 uelis

1131 1243 1300 1289 depositis
1317 1247 1352 1279 et
1369 1243 1471 1279 remis
1488 1255 1570 1280 suae
1587 1244 1837 1291 disputationis

1129 1302 1291 1338 inhibitis
1319 1303 1467 1349 prouida
1496 1303 1743 1339 deliberatione
1772 1304 1836 1340 fre-

1131 1373 1213 1397 nare
1239 1361 1255 1397 1
1278 1363 1355 1404 353,
1381 1364 1433 1398 14.

1085 1421 1198 1457 inhio:
1228 1422 1357 1468 populo
1387 1422 1531 1457 terrenis
1559 1422 1660 1457 bonis
1686 1422 1837 1458 inhianti

1133 1481 1150 1516 I
1178 1481 1255 1523 496,
1286 1482 1317 1516 6.
1348 1492 1425 1516 cum
1455 1492 1524 1517 acc.
1558 1481 1573 1516 I
1604 1483 1680 1524 219,
1712 1484 1764 1517 11.

1085 1541 1270 1575 inhonesta
1297 1544 1331 1575 et
1358 1541 1491 1576 nefaria
1517 1541 1688 1576 desideria
1717 1541 1732 1576 Ι
1760 1542 1834 1583 262,

1131 1601 1184 1635 21.
1222 1600 1402 1635 consensio
1428 1600 1444 1635 I
1467 1600 1544 1642 452,
1570 1602 1622 1636 14.

1084 1659 1334 1705 iniquitatibus
1363 1659 1434 1695 suis
1463 1660 1601 1695 addidit
1632 1659 1668 1694 11
1697 1660 1751 1702 45,
1782 1661 1834 1695 21.

1084 1719 1246 1764 iniquum
1270 1722 1334 1761 est,
1359 1722 1399 1754 ut
1425 1718 1462 1753 11
1485 1720 1560 1761 204,
1586 1720 1639 1755 20.

1083 1778 1204 1813 initio:
1222 1778 1283 1823 qui
1298 1778 1454 1813 defectus
1468 1789 1539 1813 non
1553 1778 1657 1813 aliam
1673 1781 1835 1813 naturam

1128 1837 1258 1872 malam
1280 1837 1403 1872 initiat
1428 1837 1465 1872 II
1488 1839 1563 1880 141,
1590 1838 1642 1873 12.

1083 1897 1287 1932 iniuriosus:
1309 1897 1467 1932 conuicia
1485 1897 1708 1943 paruulorum
1728 1897 1835 1932 etiam

1127 1956 1166 1991 in
1183 1959 1343 2002 parentes
1361 1967 1433 1991 non
1450 1956 1562 1991 solum
1579 1956 1747 1991 iniuriosa
1765 1967 1836 1991 non

1129 2019 1213 2050 sunt
1238 2015 1254 2050 I
1277 2016 1331 2058 66,
1357 2017 1409 2051 24.

1082 2074 1255 2110 iniustum
1282 2075 1423 2110 uidetur
1449 2078 1489 2110 ut
1518 2074 1534 2110 I
1561 2075 1614 2116 28,
1643 2075 1700 2116 18;
1727 2075 1770 2118 cl.
1800 2073 1835 2109 II

1129 2135 1205 2176 218,
1231 2135 1283 2170 20.
1312 2134 1327 2169 I
1353 2135 1427 2176 132,
1453 2135 1506 2169 11.
1533 2136 1608 2176 144,
1635 2135 1686 2169 11.

1082 2193 1223 2229 inlatio:
1256 2196 1298 2228 ut
1326 2193 1630 2229 ratiocinationem
1661 2193 1735 2228 eius
1765 2203 1835 2228 non

1128 2252 1321 2288 necessaria
1329 2253 1499 2288 inJatione
1510 2252 1709 2288 conclusam
1720 2255 1834 2287 osten-

1128 2312 1287 2347 deremus
1312 2311 1329 2346 I
1353 2313 1430 2354 280,
1454 2314 1507 2347 14.

1082 2371 1257 2406 inlecebra
1273 2371 1386 2406 carnis
1405 2371 1420 2406 I
1436 2372 1492 2413 30,
1510 2372 1562 2407 24.
1592 2370 1835 2406 delectationis

1131 2430 1147 2465 1
1170 2431 1224 2472 87,
1251 2431 1303 2466 18.

1083 2489 1317 2525 inlecebrosus
1340 2489 1503 2525 stimulus
1527 2488 1565 2524 II
1588 2490 1664 2531 240,
1690 2490 1720 2524 1.

1083 2549 1217 2584 inlicite
1239 2548 1255 2583 I
1273 2549 1350 2591 445,
1370 2550 1423 2585 23.
1458 2548 1495 2584 11
1513 2549 1589 2590 289,
1609 2549 1662 2584 24.
1683 2548 1761 2590 290,
1781 2548 1832 2583 15.

1084 2608 1240 2644 inlicitae
1267 2607 1482 2654 corruptelae
1522 2607 1559 2643 11
1585 2608 1662 2650 201,
1689 2607 1721 2643 8.
1762 2617 1834 2642 cor·

1130 2667 1310 2714 ruptiones
1335 2666 1420 2709 156,
1436 2667 1468 2703 8.
1486 2667 1561 2709 108,
1577 2666 1608 2703 5.
1625 2665 1833 2702 desiderium

1132 2726 1170 2762 11
1187 2726 1262 2768 245,
1281 2727 1334 2763 23.
1362 2725 1546 2762 inclinatio
1565 2725 1583 2761 1
1598 2726 1653 2768 74,
1671 2725 1724 2761 17.
1754 2735 1834 2760 con—

1132 2785 1366 2832 cupiscentiae
1388 2784 1405 2821 1
1425 2785 1479 2828 25,
1498 2785 1531 2821 6.
1554 2785 1630 2827 166,
1651 2786 1682 2821 1.
1703 2784 1780 2826 287,
1800 2784 1832 2819 7.
