2002 3256
195 271 283 314 XX
828 282 1132 320 Praefatio.

194 395 329 451 gratia
348 395 417 450 (cf.
440 409 532 451 pag.
557 394 628 450 X),
655 408 783 450 quam
805 400 995 437 nostrum
1020 395 1063 437 in
1086 407 1207 438 usum
1231 394 1279 438 A.
1299 394 1551 439 Werkmann
1577 396 1766 451 pulcher-

194 461 296 504 rime
329 461 560 515 descripsit,
600 474 696 502 cum
729 461 1098 503 Benedictinorum
1135 460 1479 503 adnotationibus
1517 462 1764 504 amicissime

195 526 417 581 conspirat.
446 539 467 568 e
485 527 511 568 d
529 526 645 568 itio
676 539 702 568 n
720 539 742 568 o
760 539 777 567 s
793 529 812 568 t
827 539 847 567 r
863 539 888 568 a
916 526 959 567 in
985 525 1192 581 opusculis
1216 526 1279 568 De
1301 530 1568 581 peccatorum
1591 527 1762 579 meritis,

194 592 257 633 De
284 591 433 646 spiritu
461 596 503 633 et
528 591 684 642 littera,
712 591 775 632 De
802 596 955 634 natura
981 596 1023 633 et
1055 591 1210 646 origine
1241 591 1406 634 animae
1438 605 1463 634 a
1494 592 1685 635 Maurina
1716 606 1763 636 eo

195 657 352 708 differt,
393 657 505 711 quod
536 656 798 698 Benedictini
826 656 1037 699 codicibus
1064 656 1107 698 in
1144 656 1368 699 Germania
1400 657 1511 699 natis
1542 657 1608 699 uel
1635 671 1764 700 asser-

194 722 305 764 uatis
343 722 536 765 destituti
576 721 821 764 memoriam
855 722 1107 764 deteriorum
1141 721 1333 765 classium
1376 735 1450 777 pro
1488 722 1764 767 fundamento

194 788 343 830 crisces
365 787 615 830 habuerunt.
650 791 789 830 cetera
809 787 966 842 scripta
985 801 1067 830 non
1089 791 1259 830 tantum
1278 787 1493 839 differunt,
1513 788 1612 845 quia
1629 788 1764 844 supel-

192 853 260 895 lex
287 853 432 895 critica
460 852 545 894 fere
574 854 720 895 eadem
747 852 841 895 fuit.

189 921 209 937 '
301 919 349 961 ln
383 919 519 961 indice
553 918 776 961 uerborum
810 922 852 960 et
886 917 1180 969 elocutionum,
1216 922 1264 961 ut
1298 918 1426 960 etiam
1459 918 1567 961 hanc
1600 923 1764 974 partem

192 988 428 1039 tangamus,
454 984 497 1026 id
522 984 686 1040 assequi
710 983 995 1036 studebamus,
1022 988 1070 1027 ut
1095 983 1315 1026 materiam
1339 997 1467 1039 quam
1490 983 1763 1040 largissimam

194 1050 566 1105 suppeditaremuS.

301 1115 463 1166 Restat,
482 1119 529 1157 ut
545 1118 664 1171 grato
681 1114 820 1157 animo
837 1127 1111 1157 memoremus
1129 1127 1283 1166 omnes,
1302 1114 1373 1170 qui
1388 1114 1430 1156 in
1448 1115 1525 1157 hoc
1542 1114 1763 1168 Augustini

194 1193 365 1235 operum
393 1181 604 1223 uolumine
632 1180 790 1222 edendo
818 1180 937 1222 nobis
966 1180 1203 1223 adfuerunt.
1234 1193 1281 1222 ac
1309 1179 1491 1222 multum
1519 1179 1660 1222 multis
1688 1194 1763 1222 nos

194 1246 342 1288 debere
371 1246 630 1301 profitemur,
657 1245 906 1288 Academiae
930 1245 1166 1288 litterarum
1191 1246 1414 1287 Caesareae
1438 1245 1762 1297 Vindobonensi,

193 1311 423 1354 multarum
444 1311 791 1354 bibliothecarum
811 1310 1030 1366 praefectis
1053 1311 1409 1362 commodissimis,
1430 1311 1479 1353 iis
1501 1311 1600 1353 uiris
1619 1311 1764 1353 huma-

193 1377 385 1428 nissimis,
407 1377 479 1432 qui
498 1390 648 1419 munus
669 1376 861 1419 codicum
879 1376 1222 1419 conferendorum
1243 1376 1472 1427 subierunt,
1494 1376 1648 1418 nemini
1671 1375 1763 1431 plus

194 1455 322 1497 quam
354 1442 632 1497 Augusto
663 1441 1106 1497 Engelbrecht‚
1137 1441 1207 1497 qui
1238 1455 1320 1483 non
1354 1441 1485 1484 solum
1516 1441 1558 1483 in
1587 1441 1763 1497 plagulis

192 1512 283 1550 tam
314 1507 465 1563 prolixi
496 1507 718 1550 uoluminis
751 1507 1001 1563 corrigendis
1032 1520 1107 1550 nos
1139 1507 1316 1558 adiuuit,
1349 1507 1422 1548 sed
1451 1506 1579 1549 etiam
1609 1506 1762 1549 multos

192 1573 302 1615 locos
334 1573 587 1624 emendauit,
619 1573 670 1615 de
694 1572 865 1628 singulis
887 1572 1134 1615 lectionibus
1155 1585 1229 1614 nos
1252 1572 1493 1615 dubitantes
1522 1584 1644 1627 saepe
1667 1584 1764 1614 con-

193 1638 395 1690 firmauit,
425 1639 588 1693 saepius
617 1637 809 1681 correxit.

298 1773 514 1817 Dabamus
543 1774 816 1816 Vindobonae
844 1787 984 1816 mense
1014 1773 1133 1817 Iunio
1163 1787 1199 1816 a.
1230 1773 1475 1816 MCMXIII.

267 1908 467 1960 Carolus
500 1908 555 1959 F.
582 1908 729 1959 Vrba.
1233 1907 1470 1974 Iosephus
1504 1906 1689 1973 Zycha.
