2028 3204
136 621 155 651 δ

115 950 156 982 10

119 1279 159 1308 15

114 1614 159 1644 2⁰

116 1943 158 1973 25

777 231 864 268 liber
897 231 945 266 IV
976 232 1007 274 3,
1041 232 1139 269 4-5,
1174 234 1194 265 6
1681 221 1765 264 385

185 345 358 402 quisque
378 358 461 388 non
480 344 627 388 recolit
646 349 690 389 et
705 349 830 401 putas
850 344 1061 387 hominem
1082 343 1162 387 nisi
1181 345 1258 388 deo
1279 344 1456 387 docente
1478 358 1596 400 posse
1617 358 1767 399 cogno-

182 424 308 462 scere,
321 410 430 454 unde
451 410 494 453 in
511 410 659 454 matris
676 415 797 455 utero
815 410 956 453 uiuere
976 409 1172 465 coeperit,
1192 410 1439 465 praesertim
1458 410 1491 456 si
1511 424 1642 466 usque
1662 410 1765 453 adeo

184 476 301 521 illum
321 476 459 520 adhuc
478 475 609 519 lateat
628 475 818 520 humana
834 480 1000 527 natura,
1023 480 1072 519 ut
1092 488 1175 518 non
1196 475 1331 519 solum
1353 475 1452 532 quid
1475 476 1590 519 intus
1612 475 1768 519 habeat

183 555 329 587 uerum
344 543 477 586 etiam
494 542 593 598 quid
611 542 664 586 ad
682 555 774 585 eam
790 541 1016 588 forinsecus
1032 541 1205 584 accedat
1222 541 1414 595 ignoret?
1442 541 1569 591 itane,
1588 541 1769 584 dilectis-

185 609 300 659 sime,
327 614 375 651 tu
400 621 466 652 me
492 607 660 651 docebis
687 613 762 652 aut
788 620 1057 664 quemquam,
1086 607 1195 650 unde
1222 607 1408 653 homines
1435 613 1654 650 nascentes
1681 607 1769 650 ani-

182 679 363 725 mentur,
394 673 466 731 qui
494 673 705 717 nesciebas
734 674 872 718 adhuc
899 687 1030 729 usque
1060 673 1171 716 unde
1202 673 1390 716 uiuentes
1420 673 1479 716 sic
1507 673 1688 722 alantur,
1720 679 1768 715 ut

184 739 253 783 illo
293 739 492 783 alimento
533 739 750 796 paululum
790 739 1008 783 subtracto
1050 739 1249 782 continuo
1290 739 1554 782 moriantur?
1615 745 1660 781 tu
1702 753 1767 782 me

183 805 351 849 docebis
384 811 460 849 aut
493 819 761 862 quemquam,
797 805 907 848 unde
940 805 1128 848 homines
1162 805 1413 856 animentur,
1450 805 1521 861 qui
1555 804 1766 848 nesciebas

185 872 322 915 adhuc
353 885 484 928 usque
517 871 626 915 unde
659 876 786 923 utres,
836 871 1004 927 quando
1036 870 1252 921 inflantur,
1286 870 1554 927 inpleantur?
1603 871 1767 913 utinam

186 937 540 995 quemadmodum
573 937 704 980 nescis
738 937 847 980 unde
883 937 994 993 origo
1029 937 1086 979 sit
1119 937 1369 988 animarum,
1419 937 1477 980 sic
1510 950 1584 993 ego
1619 936 1769 979 saltem

184 1003 330 1047 scirem
354 1008 497 1046 utrum
519 1003 624 1046 mihi
648 1003 690 1046 in
713 1003 792 1046 hac
815 1002 907 1047 uita
929 1002 1145 1046 sciendum
1168 1002 1297 1049 essetl
1336 1003 1371 1045 si
1393 1002 1504 1045 enim
1528 1016 1580 1045 ex
1604 1002 1681 1047 illis
1706 1008 1769 1044 est

184 1069 415 1120 altioribus,
449 1083 555 1125 quae
586 1068 792 1125 inquirere
822 1068 1081 1124 scrutarique
1113 1068 1392 1124 prohibemur,
1425 1069 1660 1111 timendum
1690 1073 1767 1119 est,

183 1147 235 1179 ne
275 1135 354 1178 hoc
393 1149 476 1178 nou
515 1134 759 1190 ignorando,
803 1134 874 1180 sed
916 1135 1153 1191 quaerendo
1194 1148 1424 1190 peccemus.
1481 1146 1615 1190 neque
1656 1133 1767 1176 enim

184 1206 405 1257 propterea
428 1214 510 1243 non
535 1214 621 1244 esse
645 1200 696 1243 de
722 1200 800 1245 illis
825 1200 1042 1243 altioribus
1068 1206 1216 1256 putare
1241 1200 1454 1249 debemuS,
1483 1200 1581 1255 quia
1604 1213 1686 1242 non
1714 1199 1767 1242 ad

189 1267 256 1310 dei
284 1272 482 1310 naturam
510 1266 706 1322 pertinet,
735 1267 807 1310 sed
837 1266 891 1309 ad
920 1271 1120 1309 nostram.

292 1339 341 1381 V.
368 1339 406 1382 6.
440 1338 548 1389 Quid
576 1338 687 1395 quod
712 1337 913 1381 nonnulla
938 1338 979 1380 in
1006 1338 1198 1393 operibus
1224 1338 1291 1380 dei
1317 1351 1443 1394 quam
1469 1338 1570 1380 deus
1597 1337 1695 1392 ipse,
1724 1337 1766 1379 in

186 1409 394 1460 quantum
418 1404 609 1460 cognosci
632 1409 786 1460 potest,
811 1403 1023 1447 difficilius
1047 1403 1385 1460 cognoscuntur?
1425 1417 1524 1446 nam
1548 1403 1768 1446 didicimus

184 1470 310 1513 deum
346 1484 432 1513 esse
469 1470 724 1521 trinitatem;
764 1475 868 1526 quot
904 1475 1047 1513 autem
1084 1469 1328 1512 animalium
1362 1482 1514 1525 genera
1549 1469 1766 1519 creauerit,

185 1535 334 1581 saltem
365 1535 639 1587 terrestrium,
672 1549 778 1591 quae
809 1536 851 1578 in
881 1548 1021 1578 arcam
1054 1536 1140 1578 Noe
1171 1536 1326 1578 intrare
1358 1541 1599 1591 potuerunt,
1631 1535 1769 1578 adhuc

186 1615 316 1657 usque
350 1601 569 1654 nescimus,
604 1601 683 1644 nisi
716 1602 795 1644 hoc
828 1606 876 1644 tu
920 1602 1002 1644 iam
1036 1601 1143 1644 forte
1178 1601 1373 1645 didicisti.
1426 1601 1467 1643 in
1501 1600 1605 1643 libro
1640 1601 1769 1643 etiam

189 1667 425 1723 Sapientiae
464 1667 666 1723 scriptum
705 1673 787 1710 est:
837 1667 884 1710 si
928 1667 1084 1710 enirn
1127 1672 1373 1710 tantum
1417 1672 1768 1724 potuerunt

186 1733 396 1776 ualere
446 1740 508 1776 ut
551 1739 812 1790 possent
861 1733 1199 1777 aestimare
1246 1733 1575 1785 saeculum,
1629 1747 1698 1789 qu
1725 1747 1767 1774 o-

185 1799 355 1843 modo
389 1799 519 1843 cius
548 1799 855 1843 dominum
891 1813 1006 1842 non
1040 1799 1304 1843 facilius
1348 1799 1766 1842 inuenerunt?

185 1877 239 1908 an
289 1865 389 1920 quia
437 1865 516 1908 hoc
571 1865 683 1910 intra
741 1879 815 1908 nos
877 1870 954 1916 est,
1015 1865 1107 1908 ideo
1159 1878 1244 1907 non
1302 1864 1427 1910 altius
1491 1864 1611 1907 nobis
1671 1863 1765 1907 est?

188 1930 358 1973 interior
400 1931 511 1973 enim
552 1936 616 1975 est
654 1930 817 1974 animae
853 1936 1021 1973 nostrae
1068 1936 1222 1974 natura
1263 1944 1391 1987 quam
1430 1944 1591 1986 corpus.
1649 1930 1767 1985 quasi

186 2010 284 2039 uero
363 2009 510 2051 corpus
579 1996 715 2051 ipsum
791 2008 875 2039 non
956 1996 1117 2039 facilius
1201 2009 1322 2042 nosse
1406 1996 1548 2052 potuit
1629 1996 1769 2038 anima

186 2061 443 2104 extrinsecus
498 2075 570 2117 per
620 2061 758 2104 oculos
810 2062 937 2117 ipsius
987 2062 1169 2118 corporis
1223 2075 1351 2118 quam
1401 2063 1647 2105 intrinsecus
1695 2075 1766 2116 per

186 2140 228 2170 se
263 2121 411 2183 ipsam.
464 2127 564 2182 quid
608 2126 717 2170 enim
759 2132 823 2173 est
874 2127 916 2171 in
967 2127 1175 2173 intestinis
1219 2128 1414 2183 corporis,
1467 2127 1539 2170 ubi
1579 2140 1662 2170 non
1704 2132 1768 2169 est

186 2192 307 2249 ipsa?
367 2198 409 2236 et
459 2198 601 2236 tamen
646 2193 774 2236 etiam
816 2205 1004 2249 quaeque
1048 2193 1214 2236 interna
1266 2199 1394 2250 atque
1449 2193 1593 2236 uitalia
1640 2192 1767 2235 oculis

297 2324 340 2360 12
360 2324 403 2361 cf.
426 2323 532 2360 Eecli.
551 2325 584 2367 3,
606 2324 649 2359 22
720 2325 758 2359 21
780 2323 862 2370 Sap.
884 2324 935 2368 13,
955 2323 976 2360 9

197 2475 212 2480 ‚
298 2433 314 2466 1
334 2430 402 2467 nisi
418 2432 515 2468 om.G
561 2430 793 2476 docentemH
839 2431 1100 2478 cognosceritA
1156 2432 1176 2467 2
1195 2432 1312 2468 uiuere
1330 2432 1433 2468 om.H
1480 2431 1635 2477 coeperit
1651 2431 1706 2466 ηιξ)
1728 2431 1762 2464 in

189 2483 347 2536 {ceperit
363 2489 399 2527 H
501 2490 547 2527 ad
562 2490 649 2528 illio.
667 2491 731 2527 illu
745 2502 786 2527 eo
803 2490 919 2528 adhuc
930 2491 960 2528 C
1051 2491 1073 2527 3
1089 2491 1171 2529 illuc
1187 2492 1224 2528 Η
1310 2492 1407 2538 quod
1424 2492 1442 2526 b
1530 2494 1550 2526 4
1568 2502 1610 2526 nc
1628 2489 1723 2526 itane
1736 2489 1764 2523 (ffv

189 2549 243 2586 ita
258 2550 363 2586 netH
437 2550 460 2586 5
476 2550 674 2587 animenter
685 2551 716 2586 A
789 2552 809 2587 7
827 2551 1061 2588 morienturG'
1129 2552 1170 2588 10
1187 2562 1256 2598 que
1274 2551 1467 2588 admodum
1479 2551 1509 2586 C
1569 2550 1650 2585 sam
1662 2548 1764 2584 ΕΗΓ

192 2611 232 2646 11
251 2636 261 2647 .
273 2613 310 2646 ὃ.
322 2613 386 2646 aut
401 2609 587 2646 altioribus
598 2611 631 2646 A
677 2610 719 2648 12
735 2610 886 2647 scrutari
901 2610 1040 2658 qun-011
1085 2611 1128 2647 13
1143 2612 1250 2647 neffl
1303 2612 1504 2657 ignoramus
1518 2611 1549 2644 A
1607 2610 1646 2643 16
1670 2607 1763 2654 Quid

191 2669 297 2707 00⁸AE
340 2669 439 2706 nulla
452 2668 485 2704 B
502 2660 666 2707 {nullae
710 2670 748 2706 in
759 2670 856 2707 omo
899 2670 974 2717 ipse
991 2670 1078 2708 deus
1091 2670 1141 2707 Bb
1198 2672 1239 2707 18
1255 2671 1352 2718 quod
1365 2670 1502 2705 ADEH
1556 2667 1763 2703 animari'iA

193 2729 237 2765 19
251 2728 364 2766 salam
380 2730 410 2766 G
433 2729 555 2767 saltim
563 2730 634 2767 ΕΗ
637 2731 668 2766 Τ
752 2730 916 2768 aream
928 2731 1116 2768 arehamE
1200 2731 1244 2768 20
1261 2731 1351 2767 torte
1369 2731 1433 2766 hoc
1452 2733 1492 2764 tu
1509 2728 1579 2763 iam
1595 2726 1764 2763 BCEITb

192 2790 235 2824 tu
248 2789 437 2827 ianmfl
501 2789 630 2838 etiam]
646 2790 808 2827 auterno
871 2790 915 2826 22
931 2793 975 2826 ut
989 2790 1098 2827 om.A
1169 2790 1335 2826 estimare
1348 2789 1439 2824 Hm]
1515 2789 1559 2823 24
1576 2787 1641 2823 hoc
1658 2786 1764 2822 omJl

189 2847 232 2884 85
248 2848 418 2886 naturae
482 2849 526 2886 26
542 2860 625 2886 uero
644 2850 742 2896 non]
807 2850 928 2887 animo
940 2850 977 2886 H
1041 2849 1085 2886 28
1101 2850 1217 2896 ipsum
1230 2850 1265 2885 Η

263 2909 692 2954 LX.Anaemt.V111vml.
711 2918 965 2956 vrbs-tzyolu.
1648 2916 1695 2953 25
