1976 3210
204 358 514 402 AVGVSTINI
537 359 1055 404 RETRACTATIONVM
1076 361 1184 404 LIB.
1210 362 1255 404 II
1276 362 1391 406 CAP.
1416 361 1518 406 LIX
1539 363 1775 420 (XXXIII)

569 437 711 491 (PAG.
745 438 832 489 170,
863 439 888 481 6
916 438 1005 481 ED.
1040 438 1297 494 KNOELL).

202 525 278 567 DE
310 525 683 568 PECCATORVM
714 526 950 569 MERITIS
982 527 1055 569 ET
1088 527 1437 571 REMISSIONE
1469 529 1541 572 ET
1573 530 1650 572 DE
1683 530 1774 572 BA-

202 603 406 645 PTISMO
443 602 829 646 PARVVLORVM
864 604 939 646 AD
975 604 1385 647 MARCELLINVM
1419 606 1579 649 LIBRI
1613 607 1768 651 TRES.

306 706 340 746 1.
365 704 489 746 Venit
505 705 631 746 etiam
649 705 884 757 necessitas,
903 719 1008 760 quae
1026 719 1092 747 me
1110 711 1273 761 cogeret
1291 707 1488 749 aduersus
1506 707 1771 762 Pelagianam
1798 722 1815 749 5

198 770 382 812 heresem
402 770 591 822 scribere,
613 775 758 813 contra
777 784 917 826 quam,
938 785 1032 814 cum
1053 785 1155 827 opus
1175 777 1277 822 crat,
1298 786 1381 814 non
1401 773 1579 828 scriptis,
1601 774 1672 815 sed
1691 787 1771 815 ser-

197 835 389 878 monibus
413 841 455 878 et
479 836 839 879 conlocutionibus
862 837 1098 892 agebamu„
1124 842 1172 879 ut
1196 838 1370 893 quisque
1393 844 1582 880 nostrum
1605 844 1770 894 poterat

196 906 270 944 aut
298 901 490 943 debebat.
534 901 667 945 missis
695 915 789 957 ergo
816 902 920 945 mihi
947 917 971 945 a
998 903 1245 958 Carthagine
1273 903 1586 958 quaestionibus
1613 918 1767 956 eorum,

196 980 299 1022 quas
328 967 588 1010 rescribendo
618 968 896 1016 dissoluerem,
927 969 1070 1024 scripsi
1099 968 1280 1024 primum
1309 974 1393 1011 tres
1420 969 1560 1021 libros,
1592 983 1767 1025 quorum

195 1033 342 1075 titulus
368 1038 430 1075 est
455 1033 516 1075 De
541 1039 805 1088 peccatorum
829 1033 988 1076 meritis
1012 1039 1053 1076 et
1076 1034 1325 1077 remissione.

300 1099 336 1140 2.
368 1098 448 1140 Vbi
474 1099 654 1141 maxime
680 1100 922 1155 disputatur
947 1101 997 1142 de
1026 1099 1278 1156 baptismate
1304 1100 1573 1155 paruulorum
1599 1106 1768 1156 propter

195 1164 390 1219 originale
411 1170 628 1219 peccatum
650 1170 691 1207 et
723 1166 774 1207 de
793 1166 940 1221 gratia,
963 1179 1045 1220 qua
1067 1165 1353 1216 iustificamur,
1375 1166 1452 1208 hoc
1474 1171 1536 1208 est
1557 1166 1656 1208 insti
1678 1166 1766 1208 effi-

194 1230 335 1281 cimur,
362 1231 554 1285 quamuis
577 1231 619 1272 in
644 1231 721 1272 hac
746 1231 835 1273 uita
859 1245 979 1273 nemo
1005 1231 1065 1273 ita
1095 1236 1265 1273 seruat
1297 1232 1537 1274 mandata.
1569 1232 1764 1282 iustitiae,

194 1299 240 1337 ut
260 1309 342 1337 non
366 1296 421 1337 sit
444 1296 481 1338 ei
503 1296 776 1339 necessarium
794 1310 868 1352 pro
892 1297 974 1339 suis
996 1297 1177 1352 peccatis
1200 1298 1355 1340 orando
1378 1297 1529 1339 dicere:
1560 1297 1766 1339 dimitte

195 1361 337 1403 nobis
371 1361 543 1403 debita
580 1366 762 1405 nostra.
793 1367 938 1405 contra
966 1376 1072 1418 quae
1102 1364 1239 1405 omnia
1267 1363 1491 1405 sentientes
1518 1362 1576 1404 illi
1613 1376 1764 1404 nouam

191 1427 374 1469 heresem
394 1428 680 1470 condiderunt.
717 1430 759 1471 in
778 1429 843 1471 his
862 1433 1002 1470 autem
1020 1428 1136 1471 libris
1155 1429 1365 1483 tangenda
1383 1429 1518 1471 adhuc
1538 1427 1764 1470 arbitratus

191 1506 283 1535 sum
302 1494 471 1535 nomina
490 1507 631 1536 eorum
650 1493 706 1535 sic
725 1508 793 1537 eos
810 1494 971 1536 facilius
989 1507 1106 1548 posse
1125 1494 1273 1549 corrigi
1290 1507 1470 1549 sperans,
1491 1494 1617 1535 immo
1636 1494 1762 1535 etiam

190 1559 233 1601 in
258 1559 381 1600 tertio
405 1559 523 1610 libro,
551 1573 656 1614 quae
682 1564 744 1602 cst
768 1559 957 1615 epistula,
982 1560 1055 1602 sed
1077 1560 1119 1601 in
1142 1560 1258 1602 libris
1281 1560 1427 1602 habita
1450 1564 1619 1614 propter
1643 1559 1759 1610 duos,

191 1624 342 1679 quibus
359 1638 449 1666 eam
465 1625 762 1668 conectendam
777 1626 938 1680 putaui,
955 1625 1094 1680 Pelagi
1108 1626 1235 1680 ipsius
1249 1639 1398 1667 nomen
1418 1639 1499 1667 non
1518 1625 1604 1667 sine
1624 1625 1762 1679 aliqua

188 1689 310 1732 laude
330 1690 461 1744 posui,
483 1691 581 1745 quia
599 1691 690 1732 uita
709 1692 795 1734 eius
815 1705 837 1733 a
856 1691 1000 1733 multis
1018 1691 1350 1746 praedicabatur,
1371 1696 1412 1733 et
1432 1691 1518 1733 eius
1536 1690 1606 1732 illa
1624 1690 1760 1733 redar-

187 1756 269 1811 gui,
291 1769 396 1810 quae
415 1756 456 1797 in
475 1757 559 1798 suis
577 1757 742 1813 scriptis
761 1770 842 1799 non
862 1771 913 1799 ex
930 1771 1106 1812 persona
1124 1771 1199 1799 sua
1217 1757 1368 1812 posuit,
1388 1757 1461 1798 sed
1479 1756 1580 1811 quid
1598 1756 1650 1798 ab
1670 1755 1760 1797 aliis

187 1822 392 1864 diceretur
417 1823 621 1877 exposuit,
655 1837 760 1879 quae
780 1828 921 1865 tamen
941 1828 1086 1878 postea
1105 1823 1187 1865 iam
1208 1822 1412 1865 hereticus
1431 1821 1760 1877 pertinacissima

187 1888 453 1929 animositate
483 1888 681 1931 defendit.
729 1889 952 1931 Caelestius
981 1902 1078 1931 uero
1107 1888 1334 1944 discipulus
1363 1889 1449 1930 cius
1478 1888 1562 1929 iam
1590 1891 1759 1942 propter

186 1954 291 1996 tales
322 1954 567 1996 assertiones
598 1955 710 2009 apud
740 1955 1032 2009 Carthaginem
1060 1955 1103 1996 in
1135 1953 1357 2009 episcopali
1384 1953 1549 2004 iudicio,
1582 1952 1653 1994 ubi
1683 1964 1756 2007 ego

186 2032 269 2061 non
289 2019 473 2071 interfui,
497 2020 966 2063 excommunicationem
986 2025 1204 2062 meruerat.

291 2087 328 2127 3.
357 2085 405 2127 In
429 2086 609 2128 secundo
632 2086 736 2128 libro
761 2087 942 2141 quodam
965 2085 1073 2127 loco:
1104 2086 1194 2127 hoc
1227 2084 1544 2140 quibusdam,
1569 2083 1754 2138 inquam,

185 2150 338 2192 etiam
365 2152 416 2192 in
445 2152 550 2193 fine
576 2152 832 2207 largietur,
864 2156 917 2193 ut
946 2155 1155 2193 mortem
1182 2150 1457 2205 repentina
1482 2153 1756 2191 commuta-

183 2207 323 2262 tione
359 2229 457 2258 non
492 2218 736 2268 sentiant,
775 2231 944 2259 seruans
978 2217 1114 2259 locum
1142 2216 1390 2271 diligentiori
1426 2215 1478 2257 de
1513 2214 1590 2256 hac
1619 2227 1661 2256 re
1696 2213 1756 2255 in-

184 2281 407 2336 quisitioni.
433 2287 507 2324 aut
531 2282 638 2324 enim
660 2296 742 2324 non
763 2283 991 2325 morientur
1011 2287 1084 2324 aut
1106 2282 1156 2324 de
1177 2283 1257 2324 ista
1273 2281 1361 2323 uita
1375 2281 1418 2322 in
1443 2283 1620 2322 mortem
1641 2283 1682 2321 et
1703 2279 1754 2321 de

184 2351 317 2388 morte
332 2347 374 2388 in
391 2352 603 2390 aeternam
619 2348 751 2390 uitam
764 2348 974 2390 celerrima
989 2347 1315 2389 commutatione
1331 2350 1548 2400 tamquam
1569 2345 1621 2386 in
1646 2345 1752 2386 ictu

183 2412 315 2454 oculi
342 2414 596 2456 transeundo
622 2418 798 2456 mortem
823 2427 905 2455 non
932 2413 1126 2455 sentient.

287 2479 324 2520 4.
356 2479 447 2521 Hoc
478 2493 581 2535 opus
609 2479 667 2521 sic
695 2479 860 2534 incipit:
898 2478 1141 2529 Quamuis
1177 2478 1226 2520 in
1263 2475 1438 2519 mediis
1474 2479 1522 2517 et
1558 2475 1749 2530 magnis

181 2556 416 2586 curarum
453 2544 691 2587 aestibus.

287 2637 406 2684 6Aug.
432 2639 541 2675 Serm.
564 2640 618 2675 26.
641 2639 694 2675 27.
717 2640 771 2676 30.
795 2640 869 2675 131.
893 2639 968 2674 153.
993 2638 1068 2674 155.
1092 2638 1166 2674 156.
1191 2638 1265 2674 158.
1289 2638 1364 2673 165.
1388 2635 1464 2672 169.
1488 2637 1562 2671 174.
1586 2635 1661 2671 176.
1685 2636 1746 2671 181

180 2697 223 2731 12
247 2698 349 2733 Rom.
373 2699 407 2739 3,
432 2699 485 2734 24.
511 2697 582 2734 Tit.
606 2700 639 2740 3,
660 2700 679 2734 7
771 2699 814 2734 13
839 2698 855 2733 Ι
880 2697 954 2733 Ioh.
979 2698 1012 2739 3,
1036 2698 1079 2733 24
1179 2699 1221 2733 14
1244 2696 1373 2733 Matth.
1397 2696 1430 2737 6,
1456 2695 1498 2730 12
1597 2695 1639 2730 17
1657 2695 1745 2741 Aug.

182 2754 235 2790 De
252 2759 338 2801 gost.
358 2757 428 2792 Pel.
448 2758 502 2799 23,
519 2759 562 2794 47
667 2758 710 2794 19
726 2757 779 2793 De
796 2767 889 2804 pecc.
907 2767 991 2792 mer.
1009 2759 1046 2792 et
1061 2766 1145 2792 rem.
1166 2756 1223 2792 III
1238 2757 1272 2798 3,
1289 2756 1311 2792 5
1419 2754 1460 2789 21
1478 2754 1567 2800 Aug.
1590 2754 1644 2789 De
1658 2758 1746 2800 gest.

181 2814 250 2850 Pel.
262 2816 372 2858 22‚46
407 2817 608 2863 23Aug.De
618 2817 781 2854 heres.88
810 2817 916 2852 26De
926 2825 1019 2863 pecc.
1032 2825 1115 2851 mer.
1124 2819 1161 2851 et
1171 2826 1255 2852 rem.
1269 2816 1306 2851 II
1320 2815 1431 2858 31‚50
1451 2813 1498 2849 30
1511 2813 1530 2850 1
1548 2814 1624 2850 Gor.
1636 2814 1690 2857 15,
1699 2814 1745 2850 52

1798 1048 1836 1077 lo

1795 1374 1831 1404 15

1788 1703 1829 1732 20

1781 2355 1822 2384 30
