2002 3256
237 245 344 288 VIII
871 256 1182 292 Praefatio.

235 369 287 411 20
308 381 379 422 per
400 367 520 422 leqem
542 394 594 398 —-
615 372 818 421 peceatum
840 368 930 418 436,
955 368 991 410 8.
1017 366 1085 410 fol.
1110 367 1190 410 55ἰ
1210 367 1319 422 (441,
1346 367 1413 422 12)
1436 371 1530 422 post
1553 380 1691 420 operor
1710 366 1813 409 illud

237 434 366 477 uerba
388 433 459 475 lin.
488 435 510 475 7
535 432 602 475 sed
625 432 727 487 qaod
750 433 900 475 habitat
923 459 977 464 —
999 446 1136 486 operor
1158 432 1261 475 illud
1284 432 1367 474 alia
1390 445 1518 475 manu
1541 432 1721 488 repetita
1745 433 1813 475 m2

236 499 414 542 delenda
443 498 720 553 assignantur.
768 499 914 541 eadem
943 510 1071 540 manu
1100 511 1243 541 uersus
1273 502 1493 553 sequentes
1522 497 1732 551 (Apertius
1762 524 1815 528 —

235 564 558 618 disputavimus)
587 564 745 607 exarati
777 568 888 607 sunt.
935 563 1115 606 contulit
1144 563 1268 605 Vrba.

343 630 496 671 Omnes
520 629 680 672 codices
703 642 805 684 quos
829 629 1163 672 enumerauimus
1184 629 1226 670 in
1250 629 1352 671 duas
1375 627 1524 671 classes
1545 628 1812 671 diuiduntur:

236 695 358 738 unius
380 699 477 737 sunt
498 694 651 745 LSPG,
674 695 728 736 ad
748 694 925 736 alteram
945 694 1156 750 pertinent
1177 693 1342 744 KOCT,
1366 693 1416 735 ef.
1442 694 1529 744 155,
1553 694 1613 736 13.
1639 694 1727 744 156,
1750 695 1810 735 11.

238 761 328 811 158,
357 761 418 803 15.
449 761 538 810 160,
568 760 628 802 15.
657 761 721 802 24.
751 761 841 811 161,
871 760 932 802 10.
961 761 1024 802 24.
1054 760 1144 810 164,
1172 761 1207 802 1.
1238 760 1326 810 166,
1354 760 1416 801 27.
1448 760 1536 810 169,
1563 759 1600 801 5.
1629 759 1691 801 25.
1721 760 1812 808 171,

239 828 300 869 12.
331 827 420 876 173,
447 826 484 868 9.
515 826 603 876 176,
631 827 694 868 24.
725 826 814 876 181,
844 826 904 868 10.
933 826 996 867 28.
1027 825 1116 876 183,
1146 825 1206 867 18.
1237 825 1326 875 185,
1354 825 1417 866 24.
1447 825 1537 875 194,
1566 824 1627 866 18.
1656 824 1747 874 201,
1774 824 1811 866 8.

236 893 328 942 202,
355 892 417 934 29.
446 891 537 942 205,
566 892 627 933 17.
655 892 718 933 23.
747 892 837 941 207,
864 891 927 933 23.
955 891 1047 941 208,
1075 891 1136 933 14.
1194 890 1316 933 huius
1351 889 1648 932 auctoritatem
1683 889 1816 931 secuti

238 970 391 999 sumus.
421 957 493 999 ubi
518 970 614 999 uero
635 957 864 999 deformem
882 956 1095 1011 quandam
1117 955 1338 998 lectionem
1356 955 1552 1010 praebere
1573 967 1664 997 eam
1685 955 1814 996 mani-

236 1023 393 1065 festum
420 1027 522 1074 erat,
552 1036 603 1063 ex
630 1022 763 1064 altera
789 1022 917 1064 classe
944 1021 1241 1077 probabiliores
1268 1021 1493 1075 scripturas
1520 1025 1706 1076 repetere
1731 1033 1814 1062 non

238 1088 537 1131 dubitauimus.
557 1093 741 1130 ceterum
757 1088 869 1143 quod
885 1087 927 1129 in
944 1087 1152 1142 superiore
1167 1100 1288 1141 opere
1304 1087 1571 1141 cognouimus
1586 1086 1629 1127 in
1645 1084 1814 1140 singulis

236 1154 359 1196 rebus
382 1154 542 1196 codices
564 1154 781 1209 utriusque
803 1153 942 1195 classis
965 1153 1084 1203 coire,
1106 1153 1149 1194 in
1171 1152 1262 1194 aliis
1282 1151 1407 1194 libros
1429 1152 1614 1194 eiusdem
1634 1150 1815 1193 familiae

236 1220 279 1261 in
304 1219 488 1261 diuersas
513 1224 652 1274 partes
677 1219 790 1261 abire
813 1232 947 1273 neque
971 1218 1037 1261 hic
1060 1231 1200 1261 rarum
1224 1222 1299 1268 est,
1319 1217 1368 1259 cf.
1393 1231 1424 1259 e.
1448 1230 1505 1273 gr.
1531 1217 1619 1267 188,
1640 1217 1700 1258 16.
1725 1216 1812 1266 189,

238 1285 301 1327 23.
336 1285 425 1335 190,
458 1286 492 1327 1.
524 1285 614 1335 202,
646 1285 708 1327 20.
740 1284 831 1335 203,
863 1285 886 1326 7
915 1283 968 1326 al.

344 1350 516 1392 Praeter
536 1350 609 1392 hos
632 1349 792 1392 codices
814 1349 940 1404 priori
961 1348 1081 1391 classi
1101 1347 1277 1403 (LSPG)
1298 1347 1481 1390 addendi
1502 1351 1599 1389 sunt
1621 1346 1691 1389 alii
1713 1359 1814 1401 quos

238 1415 509 1458 conferendos
537 1415 792 1458 curauimus:
825 1415 957 1457 codex
976 1414 1110 1457 Musei
1132 1413 1235 1455 Brit.
1258 1413 1295 1455 5.
1321 1413 1366 1454 B.
1393 1413 1436 1455 II
1456 1425 1560 1455 saec.
1585 1412 1662 1462 XI,
1685 1412 1817 1454 codex

240 1481 344 1523 Mus.
372 1481 475 1523 Brit.
500 1481 647 1535 (Add.)
670 1481 795 1523 10941
821 1493 925 1522 saec.
950 1479 1053 1530 XII,
1076 1480 1208 1522 codex
1228 1478 1588 1521 Darmstadtensis
1610 1478 1688 1520 524
1710 1489 1813 1519 saec.

240 1546 464 1597 XI—XII,
489 1547 621 1589 codex
644 1546 768 1588 Uniu.
794 1545 1019 1600 Lipsiensis
1043 1545 1120 1587 252
1144 1557 1247 1587 saec.
1274 1543 1390 1594 XIV,
1416 1544 1547 1586 codex
1570 1541 1816 1585 Oxoniensis

238 1612 370 1654 Laud.
396 1612 509 1653 Misc.
537 1613 612 1653 117
636 1624 741 1654 saec.
767 1610 979 1652 XI—XII
1001 1610 1171 1665 (iudicio
1196 1609 1396 1664 praesidis
1420 1609 1506 1651 eius
1530 1607 1661 1662 bibl.),
1686 1608 1817 1650 codex

239 1677 452 1719 Parisinus
483 1678 609 1719 12211
641 1676 894 1731 (Beccensis)
923 1688 1027 1719 saec.
1059 1675 1162 1726 XII,
1193 1676 1323 1717 codex
1351 1673 1682 1717 Vindobonensis
1714 1673 1816 1715 1593

239 1742 363 1797 (Lun.
403 1742 449 1792 Q.
483 1742 550 1797 15)
580 1754 684 1784 saec.
717 1741 841 1784 XIII.

346 1808 413 1850 Ad
432 1807 609 1850 alteram
628 1807 833 1850 familiam
852 1806 1041 1862 (KOCT)
1060 1805 1308 1848 numerandi
1332 1809 1448 1847 sunt:
1480 1804 1612 1846 codex
1634 1803 1816 1858 Scaphu-

239 1873 385 1915 siensis
408 1874 460 1915 28
482 1886 585 1915 saec.
612 1873 677 1914 XI
700 1886 777 1924 ex.,
803 1873 935 1915 codex
959 1871 1282 1927 Stuttgartensis
1305 1871 1382 1912 256
1405 1882 1508 1912 saec.
1535 1869 1660 1920 XIII,
1686 1869 1818 1911 codex

240 1938 475 1981 Casinensis
503 1938 701 1981 CLXVII
729 1951 833 1980 saec.
866 1937 966 1980 XII.

733 2050 823 2093 ΙΙΙ.
856 2051 915 2093 De
943 2055 1090 2092 natura
1117 2054 1152 2091 et
1179 2049 1319 2104 qratia.

348 2135 439 2177 Hoc
463 2147 584 2190 opere
607 2134 866 2190 Augustinus
889 2133 1046 2189 Pelagii
1068 2134 1269 2175 tractatui
1294 2131 1368 2173 ‘De
1391 2130 1556 2174 natura‘
1579 2130 1816 2185 respondet,

241 2213 367 2255 quem
387 2200 591 2243 Timasius
613 2204 655 2242 et
677 2200 866 2251 IacobuS,
889 2198 1106 2242 dilectores
1127 2202 1169 2240 et
1189 2197 1415 2253 aliquando
1436 2195 1591 2251 Pelagii
1612 2193 1816 2250 discipuli,

242 2265 278 2307 ei
298 2263 565 2308 tradiderunt
585 2269 788 2320 petentes,
810 2269 858 2307 ut
878 2277 922 2307 se
942 2265 993 2307 de
1013 2277 1062 2306 ea
1082 2262 1323 2319 quaestione
1345 2263 1522 2305 doceret.
1560 2259 1817 2315 Augustinus

242 2331 432 2385 protinus
463 2330 708 2373 intermissis
741 2330 831 2373 aliis
862 2328 1074 2372 laboribus
1107 2328 1257 2384 quibus
1288 2332 1391 2370 tunc
1421 2326 1560 2382 ipsum
1591 2329 1817 2380 occupatus
1844 2379 1850 2386 .

242 2400 332 2438 erat
357 2395 641 2438 defensionem
663 2395 821 2451 gratiae
845 2386 991 2438 contra
1013 2393 1171 2450 Pelagii
1192 2397 1390 2436 naturam
1411 2403 1625 2447 aggressus
1647 2402 1736 2432 rem
1757 2389 1819 2432 ita
1849 2389 1853 2395 ’

242 2461 340 2517 egit,
365 2466 413 2503 ut
435 2474 614 2504 errorem
644 2461 922 2516 redargueret,
945 2472 1098 2503 nomen
1120 2458 1295 2501 errantis
1316 2461 1494 2507 taceret;
1519 2455 1621 2499 dicit
1643 2455 1754 2497 enim
1774 2454 1818 2496 in
1868 2487 1870 2490 .

243 2526 470 2581 posteriore
500 2527 722 2582 scriptione
742 2526 806 2568 De
833 2525 959 2581 gestis
980 2524 1137 2579 Pelagii
1157 2522 1314 2565 XXIII
1334 2523 1385 2564 47
1406 2520 1560 2576 (CSEL
1581 2519 1706 2562 XLII
1727 2520 1817 2570 101,

246 2591 331 2646 12):
351 2605 422 2634 nec
439 2592 498 2634 sic
515 2595 648 2635 tamen
664 2592 775 2646 operi
792 2604 889 2642 meo,
905 2603 981 2645 quo
998 2589 1165 2632 eundem
1182 2588 1329 2631 librum
1345 2586 1485 2640 refelli,
1499 2585 1658 2640 Pelaqii
1674 2597 1819 2628 nomen

245 2657 402 2699 inserui
422 2656 588 2710 facilius
610 2670 671 2700 me
693 2657 931 2699 existimans
953 2654 1222 2710 profuturum,
1246 2653 1284 2695 si
1305 2656 1463 2695 seruata
1485 2651 1668 2694 amu-itia
1689 2648 1819 2692 adhuc

243 2722 331 2764 eius
361 2721 624 2765 uerecundiae
653 2734 866 2776 parcerem,
899 2721 1015 2764 cuius
1046 2719 1186 2762 litteris
1216 2719 1302 2761 iam
1330 2729 1489 2771 parcere
1517 2729 1601 2759 non
1629 2714 1815 2757 deberem.

245 2786 397 2829 librum
419 2800 529 2830 anno
552 2787 630 2830 415
654 2787 916 2830 elaboratum
938 2798 1025 2828 esse
1048 2798 1100 2827 ex
1121 2783 1243 2827 Pauli
1265 2782 1400 2826 Orosii
1423 2780 1692 2838 Apologetico
1712 2779 1818 2822 libro

244 2852 282 2902 3,
316 2853 341 2894 5
374 2852 530 2907 (CSEL
561 2852 598 2895 V
629 2853 722 2903 607,
755 2853 798 2907 6)
831 2856 873 2894 et
905 2864 958 2894 ex
988 2849 1212 2906 Augustini
1245 2846 1424 2904 epistula
1454 2844 1634 2890 CLXIX
1663 2844 1819 2900 (CSEL
