2002 3256
686 694 1254 768 PRAEFATIO.

290 878 380 921 Hoc
412 877 623 921 uolumine
655 881 857 933 quattuor
888 877 1110 933 Augustini
1143 890 1269 933 opera
1299 877 1581 929 continentur,
1614 878 1765 934 quibus

181 949 322 987 aetate
361 944 446 986 iam
486 943 721 999 prouectior
761 943 966 986 haeresim
998 958 1023 986 a
1055 942 1221 999 Pelagio
1253 948 1456 994 exortam,
1498 958 1523 986 a
1562 944 1765 987 (ss'aelestio
1803 987 1811 993 ,

181 1014 470 1065 propagatam,
496 1023 522 1052 a
546 1008 709 1052 Iuliano
733 1009 932 1052 acerrime
955 1009 1217 1052 uindicatam
1240 1009 1470 1064 inpugnare
1495 1014 1663 1052 coaetus
1688 1015 1763 1053 est.

182 1075 244 1118 his
270 1079 368 1131 apte
393 1079 596 1131 quattuor
619 1074 714 1118 libri
737 1074 802 1117 De
826 1079 979 1118 natura
1004 1079 1046 1117 et
1071 1075 1228 1130 origine
1252 1075 1416 1117 animae
1442 1076 1765 1131 coniunguntur,

181 1141 332 1197 quibus
354 1141 612 1197 Augustinus
633 1155 716 1184 non
738 1141 909 1196 quidem
930 1140 1202 1198 Pelagianum
1222 1141 1380 1191 stilum,
1402 1141 1474 1184 sed
1496 1141 1767 1197 Pelagianunr

181 1220 390 1250 uenenum
419 1206 620 1262 reprimit.

181 1332 216 1376 I.
250 1332 311 1375 De
341 1337 589 1388 peecatorum
620 1333 773 1374 meritis
804 1337 838 1374 et
868 1333 1102 1374 remissione
1131 1337 1166 1374 et
1196 1332 1242 1374 de
1272 1332 1470 1387 baptismo
1500 1333 1767 1387 paruulorum

668 1398 719 1440 ad
748 1398 1037 1440 Marcellinum
1066 1398 1161 1440 libra·
1189 1402 1276 1441 tres.

289 1476 410 1518 ‘Eece
433 1480 578 1519 contra
600 1476 817 1531 disputare
838 1479 967 1531 atque
989 1475 1167 1518 scribere
1190 1476 1409 1531 cogimurl‘
1431 1476 1543 1532 (pag.
1570 1477 1660 1527 139,
1685 1477 1764 1532 16).

182 1542 236 1584 ad
259 1542 303 1585 id
326 1542 437 1584 enim
453 1545 620 1597 tempus
642 1543 736 1583 ‘non
756 1541 934 1596 scriptis,
959 1542 1032 1584 sed
1055 1541 1315 1584 sermonibus
1340 1546 1382 1584 et
1406 1541 1766 1585 conlocutionibus

179 1607 419 1663 agebamuS,
441 1611 489 1650 ut
507 1607 683 1663 quisque
700 1611 892 1650 nostrum
913 1611 1080 1662 poterat
1101 1612 1176 1650 aut
1194 1608 1404 1660 debebat‘‚
1428 1608 1487 1650 ait
1507 1608 1767 1663 Augustinus

178 1673 220 1715 in
252 1673 580 1716 Retractatione.
626 1685 722 1716 cum
749 1678 894 1716 autem
921 1673 1081 1716 haeresi
1108 1673 1233 1716 latius
1261 1673 1471 1729 latiusque
1499 1679 1768 1729 proserpente

179 1738 442 1782 Marcellinus
463 1739 499 1781 ei
519 1739 825 1782 haereticorum
844 1739 1108 1794 quaestiones
1129 1740 1183 1781 ad
1210 1739 1470 1794 baptismum
1495 1739 1767 1795 paruulorum

180 1805 446 1860 potissimum
471 1808 709 1860 spectantes
736 1809 987 1860 proponeret
1014 1818 1192 1861 eumque
1219 1805 1468 1857 obsecraret,
1498 1810 1544 1847 ut
1571 1805 1662 1847 illas
1689 1805 1767 1847 sibi

179 1869 372 1922 solueret,
403 1870 633 1914 multorum
662 1871 822 1913 animos
852 1870 1089 1926 perturbari
1119 1871 1265 1914 uidens
1295 1875 1338 1913 et
1367 1872 1418 1914 de
1447 1871 1532 1914 fide
1563 1870 1769 1913 catholica

179 1935 380 1979 sollicitus
419 1936 543 1979 amici
580 1937 745 1992 rogatui
784 1936 1008 1979 obsecutus
1047 1940 1111 1979 est
1150 1941 1192 1978 et
1231 1936 1357 1979 libros
1397 1937 1459 1979 De
1499 1942 1767 1992 peccatorum

178 2002 338 2044 meritis
367 2006 409 2044 et
438 2002 677 2045 remissione
705 2002 946 2045 Marcellino
976 2002 1191 2045 dedicatos
1221 2003 1371 2045 emisit.
1418 2016 1522 2058 opus
1551 2016 1660 2045 anno
1690 2003 1768 2044 412

179 2067 463 2123 conscriptum
492 2072 568 2110 est.

285 2133 410 2176 Libro
442 2134 575 2189 primo
607 2134 870 2177 demonstrat
902 2133 1162 2189 Augustinus
1193 2138 1374 2176 mortem
1403 2147 1487 2176 non
1518 2133 1767 2176 necessitate

177 2203 368 2251 naturae,
395 2200 467 2242 sed
493 2199 644 2242 merito
670 2199 832 2255 peccati
858 2199 1064 2251 euenisse3
1091 2199 1208 2242 Adae
1234 2204 1406 2255 peccato
1434 2212 1576 2242 omnes
1603 2200 1654 2242 de
1681 2199 1767 2241 eius

178 2264 306 2319 stirpe
329 2269 528 2308 uenturos
551 2265 753 2308 obnoxios
774 2265 922 2308 teneri.
961 2278 1090 2321 quare
1112 2264 1309 2321 paruulos
1332 2265 1539 2320 baptizari
1562 2268 1767 2320 oportere,

178 2334 226 2372 ut
253 2329 443 2386 originali
469 2335 642 2386 peccato
669 2330 900 2374 soluantur.
942 2330 1048 2374 libro
1075 2331 1258 2374 seeundo
1286 2331 1530 2387 exsequitur
1555 2330 1767 2372 hominem

176 2394 219 2437 in
243 2395 321 2439 hac
343 2395 436 2439 uita
457 2396 546 2439 sine
568 2400 740 2452 peccato
765 2410 852 2439 esse
875 2410 995 2452 posse
1018 2396 1086 2440 dei
1108 2396 1244 2453 gratia
1267 2397 1463 2440 adiutum
1484 2396 1614 2438 libero
1638 2395 1767 2450 ipsius

177 2460 351 2504 arbitrio
373 2475 510 2518 neque
531 2466 676 2505 tamen
700 2475 787 2504 esse
810 2474 1067 2518 quemquam
1089 2462 1132 2504 in
1156 2462 1235 2505 hac
1258 2462 1350 2505 uita
1372 2462 1461 2504 sine
1484 2461 1570 2504 ullo
1594 2464 1766 2516 peccato

177 2538 407 2583 causasque
427 2527 561 2579 addit,
583 2540 656 2571 cur
674 2527 717 2570 id
737 2527 830 2570 fieri
850 2541 933 2570 non
953 2527 1099 2584 possit.
1137 2527 1300 2570 duobus
1320 2527 1436 2570 libris
1456 2527 1541 2569 iam
1562 2525 1766 2569 absolutis

176 2591 220 2634 in
246 2604 395 2636 manus
422 2593 509 2636 eius
535 2593 693 2650 Pelagii
719 2593 1016 2649 Expositiones
1042 2593 1313 2636 breuissimae
1339 2593 1393 2636 ad
1420 2592 1540 2635 Pauli
1568 2590 1766 2647 epistulas

177 2662 398 2710 uenerunt,
413 2658 458 2701 in
474 2658 627 2716 quibus
643 2659 712 2702 hic
725 2672 810 2702 non
827 2672 879 2701 ex
894 2672 983 2710 sua,
1001 2659 1074 2701 sed
1089 2662 1311 2714 tamquam
1328 2672 1380 2700 ex
1395 2658 1574 2700 aliorum
1590 2670 1764 2712 persona

176 2724 588 2778 argumentationem
602 2724 818 2781 quandam
833 2729 981 2768 contra
996 2723 1196 2780 originale
1211 2728 1432 2779 peecatum
1448 2722 1621 2779 profert,
1639 2734 1765 2776 quam

177 2787 437 2844 Augustinus
461 2802 506 2832 se
529 2803 614 2833 non
638 2789 838 2833 refellisse
862 2790 937 2842 ait,
964 2789 1065 2846 quia
1088 2789 1167 2832 sibi
1192 2803 1276 2832 non
1301 2789 1345 2832 in
1370 2793 1557 2831 mentem
1583 2787 1766 2831 uenisset

179 2852 308 2897 talem
344 2867 371 2898 a
406 2867 622 2911 quoquam
658 2855 886 2912 excogitari
922 2868 1056 2911 posse.
1113 2855 1187 2898 sed
1224 2855 1337 2911 quod
1375 2855 1480 2897 duos
1517 2853 1644 2896 libros
1682 2851 1764 2894 iam

249 2936 314 2967 Lx.
333 2936 457 2973 Augu-t.
476 2937 551 2967 VIII
575 2946 640 2974 pm
659 2938 684 2967 1.
705 2938 784 2967 Vrbs
802 2940 833 2967 et
852 2939 959 2973 zyohn.
1674 2947 1696 2971 a
