2028 3204
255 191 334 233 670

301 312 336 345 in
361 311 451 344 malo
480 310 492 344 l
517 311 592 350 428,
621 311 669 344 13.
699 312 747 344 14.
786 310 821 343 in
846 310 1003 354 proximo

302 369 502 404 constitutis
531 368 563 402 ll
592 370 665 409 122,
693 370 729 407 9;
756 369 798 411 ej.
829 368 842 402 l
871 371 921 410 11,
949 370 1001 404 27.

301 430 377 467 490,
397 431 427 462 8.
465 427 498 461 ll
517 430 571 468 36,
594 428 644 462 16.
665 428 718 467 47,
740 428 791 462 27.
813 448 855 452 —
874 428 909 462 in
928 439 1002 462 cum

300 498 379 522 (wc..-
404 487 439 521 in
466 487 529 521 hoc
554 497 642 532 opus
666 491 782 521 creata
810 486 843 520 ΙΙ
870 488 945 528 219,
971 488 1001 522 2.

300 557 375 580 eam
391 546 592 580 aedificasse
606 546 640 580 in
656 545 832 580 mulierem
850 545 865 580 Ι
879 548 956 588 330,
970 548 1001 581 6.

302 606 394 640 facta
411 610 462 640 cst
479 605 515 639 in
532 605 685 639 animam
706 605 823 639 uiuam
846 605 858 639 Ι
877 607 953 647 331,
972 607 1001 641 7.

302 670 386 709 puto
410 664 515 698 etiam
540 675 609 698 non
633 664 698 698 tibi
722 664 830 699 uideri
855 665 908 699 uel
932 676 1004 700 esse

301 724 334 757 in
355 728 547 758 creaturam
568 723 624 768 (ex
641 724 739 764 confi,
765 724 821 758 sed
844 725 886 768 cs.
908 724 1002 760 Hier.

299 783 342 817 38
374 782 451 828 [31]‚
484 783 542 827 33)
582 782 636 817 uel
669 794 792 828 corpus
824 795 895 818 esse
928 795 1003 830 pec-

301 847 417 876 catum
443 842 455 876 1
477 843 553 883 403,
578 843 627 877 16.
661 842 779 876 omnia
799 848 1004 888 cooperatur

298 901 334 935 in
372 901 502 936 bonum
544 901 578 935 ΙΙ
619 902 692 942 165,
732 903 783 936 27.
835 903 929 947 quod
967 903 1002 937 in

300 961 490 1005 praemium
510 961 608 995 daret
629 960 662 995 ΙΙ
682 962 758 1002 280,
776 964 806 996 4.
837 962 873 996 in
891 963 1003 997 noetis

301 1031 399 1054 usum
424 1020 458 1054 11
479 1021 555 1061 280,
578 1021 629 1061 10,
649 1021 691 1063 cs.
715 1019 748 1054 ΙΙ
770 1021 845 1061 285,
866 1022 896 1056 8.
930 1033 1002 1056 esse

671 191 736 225 Ill.
765 191 873 226 Index
898 191 1082 226 uerborum
1106 196 1142 226 et
1166 191 1401 227 elocutionum

1121 311 1197 351 347,
1210 311 1262 345 21.
1274 311 1351 351 371,
1365 311 1415 346 13.
1431 310 1561 346 mutari
1570 311 1607 346 in
1617 315 1823 358 perpetuum

1125 368 1158 403 ll
1181 370 1256 410 272,
1280 370 1331 404 18.
1365 369 1402 404 ἰῐι
1422 373 1629 416 perpetuum
1650 371 1824 406 continere

1126 428 1159 463 ll
1179 429 1254 470 224,
1273 430 1303 463 4.
1334 427 1372 463 in
1390 428 1589 464 uniuersum
1608 430 1825 466 conuincitur

1125 487 1140 522 Ι
1164 488 1240 528 524,
1267 488 1318 523 25.
1358 488 1499 523 uiuente
1522 489 1560 523 in
1583 493 1762 524 aeternum
1791 489 1824 524 11

1123 548 1199 587 223,
1215 548 1246 582 3.
1276 547 1312 581 in
1328 551 1509 582 aeternum
1533 548 1692 583 manebit
1720 548 1754 583 ΙΙ
1770 550 1823 590 81,

1124 607 1175 641 22.
1207 607 1282 647 241,
1308 607 1358 642 19.
1381 607 1553 652 glorificet
1580 608 1617 642 in
1645 612 1823 643 aeternum

1126 665 1159 700 II
1188 666 1261 706 103,
1286 666 1317 701 3.
1355 665 1391 700 in
1415 670 1592 712 posterum
1617 666 1826 703 inconuerti-

1123 724 1201 759 bilis
1223 724 1257 759 II
1277 725 1329 766 72,
1350 726 1402 760 24.
1423 727 1477 767 69,
1497 727 1518 760 5
1536 746 1580 751 —
1598 726 1634 760 in
1652 731 1822 773 quantum

1126 783 1139 818 I
1162 785 1238 825 409,
1262 785 1314 819 24.
1338 786 1414 826 431,
1438 786 1490 820 20.
1517 785 1550 820 II
1576 786 1649 826 132,
1674 788 1724 822 19.
1749 787 1823 827 246,

1123 844 1174 878 24.
1198 844 1272 884 286,
1297 844 1347 878 12.
1372 846 1421 879 14.
1445 845 1520 886 298,
1542 846 1594 880 21.
1628 845 1664 880 in
1685 850 1822 881 tantum

1125 902 1159 937 ΙΙ
1176 905 1207 944 4,
1227 904 1277 938 19.
1297 903 1371 945 150,
1390 904 1441 938 15.
1459 905 1534 945 246,
1552 905 1603 940 23.
1632 905 1667 939 in
1685 910 1822 940 tantum

1122 966 1161 997 nt
1182 961 1195 996 1
1216 963 1289 1004 122,
1309 963 1359 998 18.
1390 962 1426 997 in
1443 963 1550 999 finem
1569 975 1677 1010 usque
1697 964 1730 999 ΙΙ
1749 965 1823 1006 287,

1123 1023 1173 1057 13.

300 1079 334 1113 in
357 1079 502 1114 salutem
528 1079 542 1113 I
566 1080 640 1119 198,
663 1081 715 1114 22.
752 1091 793 1114 ne
813 1079 848 1114 in
872 1091 1001 1115 uanum

300 1138 466 1184 suscipiat
488 1138 522 1172 II
546 1139 597 1179 15,
619 1140 650 1179 5,
672 1140 714 1182 cl.
739 1138 753 1172 Ι
776 1140 850 1181 177,
871 1140 902 1174 5.
925 1142 1000 1182 496,

299 1198 351 1232 28.
393 1198 427 1232 in
456 1198 616 1232 iniuriam
646 1198 772 1232 ueteris
800 1200 1003 1235 testamenti

300 1258 363 1291 hoc
390 1262 518 1302 negant
547 1256 581 1291 II
607 1258 661 1299 64,
691 1259 741 1292 16.
780 1258 817 1292 in
844 1259 1003 1294 ueritatis

298 1316 417 1350 odium
445 1321 669 1362 susceperunt
699 1316 713 1351 Ι
740 1318 815 1358 429,
844 1319 895 1353 24.
924 1320 1001 1361 430,

299 1377 351 1410 23.
388 1376 415 1409 si
437 1387 507 1410 non
528 1376 564 1410 in
587 1387 735 1411 uacuum
758 1377 906 1421 gratiam
929 1378 1002 1413 eius

299 1435 449 1480 suscepit
475 1435 487 1469 I
511 1436 564 1476 70,
589 1437 639 1471 13.
675 1436 735 1481 qui
757 1440 838 1471 sunt
860 1448 880 1471 a
902 1437 1002 1473 iustis

298 1495 333 1528 in
367 1495 577 1529 contrarium
611 1495 779 1541 longeque
812 1496 951 1531 discreti
986 1497 1001 1531 Ι

252 1585 254 1587 .
297 1554 374 1595 504,
399 1556 448 1589 18.
485 1559 557 1589 tam
579 1554 615 1588 in
637 1555 848 1589 contrarium
870 1556 915 1591 ab
935 1556 1002 1592 illis

301 1614 422 1648 remoti
456 1613 469 1647 I
499 1614 575 1655 503,
607 1615 659 1649 26.
704 1625 773 1659 qua
802 1615 838 1649 in
868 1616 1001 1650 senium

299 1676 549 1708 ueterescerent
587 1673 601 1706 Ι
637 1675 691 1716 21,
726 1675 746 1708 8
780 1694 823 1698 -
857 1675 893 1709 in
927 1687 1001 1721 per-

253 1763 255 1765 ,
299 1743 435 1766 uersum
471 1733 654 1777 suffragari
691 1732 723 1767 II
760 1734 833 1774 121,
868 1735 920 1769 22.
967 1735 1003 1769 in

298 1802 498 1836 peruersum
529 1792 640 1826 uitare
671 1792 705 1826 ΙΙ
734 1794 809 1834 292,
839 1794 891 1829 23.
933 1805 1003 1829 non

297 1850 333 1884 in
357 1861 567 1895 peruersum,
593 1852 651 1886 sed
675 1852 710 1885 in
734 1852 904 1887 directum
929 1865 1003 1888 cur-

300 1921 370 1944 rere
394 1909 408 1944 1
431 1911 506 1951 236,
529 1912 580 1945 24.
616 1911 792 1946 diuersum
814 1912 947 1958 aliquid
967 1913 1003 1947 in

297 1969 450 2004 deterius
465 1974 559 2004 creat
578 1969 592 2004 Ι
616 1972 693 2011 343,
719 1972 770 2006 24.
800 1971 836 2005 in
851 1972 1004 2007 deterius

297 2029 450 2063 mutatio
469 2028 503 2063 ΙΙ
520 2030 595 2070 248,
612 2031 664 2065 23.
693 2030 729 2064 in
745 2031 897 2066 deterius
912 2042 1003 2066 com-

297 2088 450 2122 mutatio
473 2088 487 2122 Ι
509 2090 582 2129 107,
602 2090 633 2123 3.
665 2089 702 2123 in
721 2090 818 2135 peius
837 2091 1003 2135 proficere

301 2146 337 2181 II
365 2147 418 2188 76,
450 2149 499 2182 13.
541 2148 578 2182 in
605 2152 781 2183 aeternam
810 2150 1003 2185 inmortali-

1075 1080 1306 1126 inaequalitas
1335 1081 1547 1117 ualetudinis
1578 1082 1591 1116 I
1621 1083 1696 1123 248,
1726 1086 1755 1119 4.

1075 1140 1340 1175 inaestimabilis
1370 1140 1566 1187 benignitas
1598 1140 1634 1176 II
1666 1143 1739 1184 148,
1771 1144 1822 1178 28.

1074 1199 1311 1234 inamissibilis
1338 1200 1549 1245 possibilitas
1580 1200 1594 1235 Ι
1623 1202 1697 1242 276,
1727 1203 1778 1237 27.

1075 1259 1208 1294 inanio:
1241 1259 1427 1304 opitulatio
1458 1260 1641 1295 saluatoris
1671 1261 1825 1296 inanitur

1123 1318 1138 1353 1
1163 1319 1239 1359 270,
1266 1319 1316 1354 12.

1075 1377 1188 1413 inanis
1223 1389 1339 1412 rumor
1376 1378 1389 1413 Ι
1423 1379 1500 1420 340,
1533 1380 1587 1414 30.
1636 1379 1730 1414 uelut
1766 1391 1825 1426 per

1120 1437 1222 1472 inane
1253 1437 1382 1472 sublati
1415 1437 1429 1472 Ι
1463 1439 1535 1480 171,
1570 1440 1619 1474 14.
1664 1439 1692 1473 si
1723 1439 1824 1474 huius

1119 1497 1240 1531 inanes
1258 1497 1390 1542 gratiae
1409 1508 1549 1543 corpore
1568 1496 1716 1533 exierint
1736 1498 1750 1533 Ι
1771 1499 1822 1540 27,

1123 1557 1174 1592 17.
1206 1556 1320 1591 inanis
1339 1556 1536 1592 substantia
1559 1556 1573 1591 I
1592 1558 1667 1598 397,
1688 1558 1718 1592 6.
1740 1559 1770 1593 8.
1792 1560 1821 1593 9.

1123 1617 1174 1651 10.
1213 1617 1263 1651 12.
1303 1617 1353 1651 13.
1403 1616 1569 1662 strepitus
1607 1616 1621 1651 Ι
1656 1617 1732 1658 364,
1772 1619 1821 1652 13.

1075 1675 1228 1710 inanitas
1255 1686 1351 1709 cassa
1380 1674 1395 1709 I
1421 1676 1498 1717 397,
1525 1676 1556 1710 5.
1587 1676 1637 1711 19.
1665 1677 1742 1717 398,
1772 1677 1821 1712 12.

1074 1734 1226 1769 inaniter
1262 1734 1378 1775 1453,
1413 1735 1444 1769 5.
1480 1735 1556 1776 454,
1592 1736 1622 1770 9.
1659 1736 1733 1776 455,
1772 1738 1821 1771 14.

1124 1793 1159 1828 11
1184 1795 1259 1835 279,
1284 1794 1314 1828 7.
1341 1794 1415 1835 299,
1441 1795 1471 1829 4.

1075 1853 1273 1888 inardescat
1288 1853 1464 1888 inhaerere
1481 1854 1626 1888 creatori
1646 1853 1659 1888 I
1680 1854 1751 1894 157,
1772 1855 1821 1889 17.

1076 1913 1221 1947 inbutus
1259 1912 1420 1958 rengione
1461 1911 1475 1947 I
1514 1913 1567 1954 32,
1609 1915 1637 1948 1.
1678 1914 1730 1954 72,
1772 1914 1821 1948 15.

1122 1971 1227 2007 sacris
1242 1971 1418 2016 mysteriis
1431 1971 1530 2007 inbui
1549 1971 1563 2006 I
1580 1973 1634 2012 37,
1651 1973 1682 2007 6.
1713 1963 1822 2007 sacra-

1121 2035 1240 2066 mento
1264 2031 1531 2077 regenerationis
1555 2031 1570 2066 I
1594 2031 1668 2072 115,
1694 2034 1722 2067 1.
1748 2033 1821 2073 134,

1122 2091 1175 2131 21,
1191 2091 1234 2134 cl.
1253 2090 1269 2125 I
1286 2091 1359 2132 145,
1380 2092 1429 2126 11.
1459 2090 1552 2125 nulla
1568 2090 1638 2125 fide
1654 2091 1824 2136 passionis

1121 2149 1249 2185 Christi
1270 2150 1395 2184 inbuta
1422 2149 1436 2184 I
1461 2151 1536 2191 234,
1562 2150 1613 2186 27.

298 2209 408 2241 tatem
443 2206 546 2252 plena
579 2208 731 2242 mutatio
768 2208 802 2242 II
838 2210 912 2251 249,
950 2211 1001 2245 10.

296 2265 450 2300 mutatio
464 2266 499 2300 in
516 2270 692 2301 aeternam
708 2267 1002 2313 incorruptionem

301 2323 316 2359 I
333 2325 365 2367 6,
386 2325 437 2360 18.
472 2328 599 2360 natura
615 2325 651 2360 in
670 2326 791 2361 melius
807 2327 1003 2363 instaurata

300 2383 336 2418 Il
377 2384 451 2426 155,
493 2385 545 2420 20.
598 2385 633 2419 in
674 2386 825 2421 deterius
863 2391 1003 2422 mutata

295 2446 425 2478 natura
439 2443 474 2478 Il
487 2445 562 2486 199,
575 2445 606 2479 8.
634 2444 737 2486 1306,
750 2447 780 2480 2.
804 2445 840 2480 in
852 2446 1004 2482 deterius

1075 2209 1258 2255 incapaces
1281 2209 1457 2255 praecepti
1483 2208 1498 2243 1
1522 2210 1597 2251 249,
1621 2209 1652 2244 5.

1075 2268 1270 2303 incarnatio
1301 2268 1433 2303 domini
1466 2267 1501 2303 11
1532 2268 1586 2309 65,
1619 2268 1671 2304 15.
1703 2269 1757 2309 68,
1789 2271 1820 2303 3.

1122 2328 1175 2369 79,
1202 2330 1253 2363 11.
1280 2327 1296 2362 Ι
1322 2328 1395 2369 119,
1420 2327 1472 2363 25.
1498 2328 1574 2369 433,
1599 2329 1616 2362 1
1642 2330 1698 2362 cet.

1075 2387 1250 2422 incassum
1265 2387 1308 2422 de
1321 2387 1461 2422 nomine
1473 2386 1630 2422 laborare
1647 2385 1662 2421 Ι
1676 2387 1753 2427 413,
1770 2387 1820 2422 17.

1074 2446 1215 2481 incaute
1247 2446 1344 2492 loqui
1376 2445 1393 2481 Ι
1423 2446 1500 2487 365,
1534 2447 1587 2482 22.
1633 2445 1748 2483 uerba.
1770 2445 1822 2480 in-

297 2507 516 2538 commutata
544 2507 671 2539 natura
702 2504 737 2538 ΙΙ
765 2506 842 2546 315,
872 2507 924 2541 21.
966 2506 1003 2540 in

297 2562 420 2597 melius
461 2563 702 2598 commutandi
748 2563 761 2598 1
804 2566 836 2605 3,
879 2566 910 2600 8.
965 2565 1003 2599 in

297 2621 450 2657 deterius
466 2625 608 2658 mutata
625 2622 776 2668 qualitas
797 2622 833 2658 II
851 2624 927 2665 311,
948 2625 999 2659 18.

296 2681 489 2717 mutauerit
507 2681 620 2717 uitam
639 2681 713 2717 siue
732 2682 768 2717 in
787 2682 910 2717 melius
928 2682 1002 2718 siue

296 2738 335 2773 in
349 2739 502 2775 deterius
520 2740 647 2783 11311,
665 2742 718 2777 20.
751 2740 858 2782 1344,
877 2743 928 2777 11.
947 2743 999 2778 12.

296 2799 452 2834 mutauit
481 2800 519 2835 in
549 2801 647 2846 peius
675 2800 709 2835 ΙΙ
743 2801 819 2843 316,
855 2803 887 2843 4,
913 2802 956 2845 cl.
985 2800 1001 2836 1

1121 2505 1258 2540 cautius
1280 2505 1476 2551 conscripta
1502 2504 1537 2540 II
1559 2505 1614 2547 55,
1638 2505 1691 2540 24.

1075 2564 1218 2600 incauta
1244 2564 1375 2600 locutio
1405 2563 1441 2599 ΙΙ
1467 2564 1521 2605 52,
1551 2566 1603 2600 14.
1645 2563 1821 2599 temeritas

1123 2623 1139 2659 1
1154 2625 1208 2665 77,
1226 2624 1278 2660 10.
1305 2623 1487 2659 incautum
1502 2623 1627 2669 uulgus
1644 2622 1750 2664 1361,
1766 2623 1818 2658 25.

1074 2683 1253 2718 incensum
1290 2681 1307 2718 I
1341 2682 1417 2724 263,
1453 2684 1506 2724 11,
1539 2683 1584 2726 cl.
1619 2681 1696 2717 lnd.
1730 2692 1818 2717 nom.

1073 2742 1290 2778 incentiuum
1318 2741 1474 2777 libidinis
1503 2740 1540 2776 11
1570 2741 1644 2783 198,
1676 2741 1727 2777 15.
1768 2741 1820 2776 in·

1118 2801 1296 2837 centiuum
1328 2799 1573 2847 prohibitionis
1589 2799 1622 2835 ,Ι
1656 2800 1732 2841 169,
1765 2801 1817 2836 11.
