1976 3210
120 933 159 961 10

128 1593 170 1622 20

724 200 812 237 liber
845 200 880 236 11
910 200 967 241 20,
996 200 1144 240 34-22,
1173 199 1220 235 36
1676 188 1756 232 107

180 341 335 385 gnum
380 327 517 370 uitae
549 331 626 369 est
658 325 1096 383 amplectentibus
1121 338 1240 368 eam.
1279 324 1386 367 sicut
1422 325 1524 367 haec
1560 324 1681 366 arbor
1718 325 1760 367 in

181 392 382 450 corporali
411 392 469 435 sic
503 392 574 435 illa
598 392 639 435 in
663 392 839 449 spiritali
864 391 1070 448 paradiso,
1097 391 1179 434 ista
1203 390 1430 441 exterioriS‚
1458 389 1528 432 illa
1552 390 1760 432 interioris

182 458 360 502 hominis
386 451 572 502 sensibus
600 458 801 514 praebens
830 458 1014 513 uigorem
1051 456 1138 500 sine
1167 456 1251 499 ulla
1278 456 1320 501 in
1346 455 1530 499 deterius
1559 456 1759 512 temporis

182 525 510 568 commutatione
534 523 718 567 uitalem.
743 523 981 567 seruiebant
1004 522 1130 578 igitur
1153 523 1230 565 deo
1255 522 1522 565 uehementer
1545 522 1625 564 sibi
1649 535 1760 565 com-

183 591 383 635 mendata
392 590 549 646 pietate
563 589 862 640 oboedientiae,
876 602 961 645 qua
971 602 1056 632 una
1066 588 1215 631 colitur
1227 588 1341 631 deus.
1362 602 1468 644 quae
1480 601 1552 643 per
1568 602 1610 631 se
1628 588 1762 644 ipsam

185 662 346 713 quanta
374 656 429 699 sit
457 669 667 712 quamque
692 656 781 699 sola
797 655 982 698 sufficiat
1001 655 1053 697 ad
1072 654 1274 697 tuendam
1290 654 1539 697 rationalem
1557 654 1635 697 sub
1653 667 1763 696 crea-

185 729 274 766 tore
301 726 548 772 creaturam‚
576 736 660 765 non
686 721 826 778 potuit
853 720 1119 764 excellentius
1146 720 1344 771 intimari,
1374 733 1501 775 quam
1529 725 1576 762 ut
1603 734 1628 762 a
1654 720 1765 775 ligno

183 788 501 845 prohiberentur
521 802 605 831 non
627 787 749 831 malo.
782 787 892 829 absit
923 787 1033 830 enim
1065 791 1113 830 ut
1144 786 1348 829 bonorum
1369 791 1544 836 creator,
1568 786 1639 841 qui
1667 785 1766 828 fecit

187 855 327 897 omnia
366 860 414 897 et
438 867 549 897 ecce
574 853 632 897 bo
645 867 705 896 na
732 853 890 904 ualde,
912 852 1011 895 mali
1030 852 1186 908 aliquid
1207 852 1249 894 in
1268 851 1375 894 illius
1395 852 1523 894 etiam
1543 851 1766 908 corporalis

187 920 368 978 paradisi
393 919 610 963 fertilitate
634 920 857 976 plantaret.
885 919 956 962 sed
983 924 1030 961 ut
1056 918 1344 961 ostenderetur
1370 918 1539 967 homini,
1568 918 1633 960 cui
1659 923 1767 960 esset

187 987 264 1030 sub
279 985 354 1029 tali
368 986 537 1029 domino
553 985 774 1029 utilissima
787 985 978 1035 seruitus,
996 990 1203 1040 quantum
1218 989 1325 1026 esset
1340 984 1465 1026 solius
1481 983 1768 1026 oboedientiae

188 1053 357 1101 bonum,
385 1066 510 1109 quam
535 1052 665 1095 solam
690 1052 741 1095 de
766 1051 923 1094 famulo
948 1056 1155 1106 exegerat,
1181 1050 1245 1092 cui
1272 1050 1465 1093 oboedire
1490 1064 1574 1092 non
1599 1053 1768 1105 propter

189 1119 316 1175 ipsius
327 1118 606 1169 dominatum,
627 1118 698 1161 sed
719 1123 889 1173 propter
909 1116 1127 1159 seruientis
1146 1116 1376 1159 utilitatem
1389 1116 1529 1172 potius
1542 1115 1768 1171 expediret,

190 1184 243 1227 ab
264 1198 311 1227 eo
333 1184 443 1240 ligno
464 1189 563 1227 sunt
583 1183 796 1239 prohibiti,
820 1197 902 1239 quo
922 1182 957 1225 si
976 1187 1193 1225 uterentur
1214 1196 1297 1224 non
1317 1181 1529 1238 prohibiti,
1551 1181 1652 1223 nihil
1673 1181 1771 1223 mali

144 1264 160 1292 5
191 1250 360 1294 omnino
387 1255 645 1306 paterentur,
683 1254 731 1292 ut
760 1249 870 1305 quod
898 1248 967 1290 illo
995 1254 1090 1304 post
1117 1247 1440 1304 prohibitionem
1469 1252 1634 1290 utentes
1662 1246 1772 1303 passi

194 1322 293 1359 sunt
305 1316 409 1358 satis
444 1316 737 1358 ostenderetur
768 1314 879 1370 quod
904 1314 960 1357 eis
983 1315 1060 1356 hoc
1080 1328 1163 1356 non
1186 1314 1373 1356 intulerit
1395 1313 1516 1356 arbor
1538 1313 1629 1355 cibo
1647 1313 1771 1355 noxio

195 1382 439 1438 perniciosa,
468 1381 539 1424 sed
566 1386 735 1424 tantum
763 1380 1028 1423 oboedientia
1054 1379 1223 1422 uiolata.

304 1448 449 1490 XXII.
480 1449 545 1491 36.
578 1447 699 1490 Hanc
725 1460 819 1502 ergo
846 1446 1088 1502 priusquam
1116 1445 1353 1495 uiolassent‚
1380 1445 1603 1500 placebant
1629 1445 1706 1487 deo
1733 1449 1774 1486 et

195 1513 389 1570 placebat
417 1513 474 1555 eis
496 1513 597 1556 deus
619 1518 674 1562 et,
698 1512 890 1568 quamuis
919 1525 1067 1567 corpus
1097 1511 1275 1554 animale
1302 1516 1529 1566 gestarent,
1558 1510 1661 1553 nihil
1689 1510 1774 1552 ino-

199 1579 394 1622 boediens
414 1579 457 1621 in
477 1578 546 1621 illo
567 1578 788 1621 aduersum
809 1592 851 1620 se
871 1578 1029 1620 moueri
1049 1577 1299 1620 sentiebant.
1322 1577 1503 1619 faciebat
1525 1577 1678 1632 quippe
1699 1577 1775 1618 hoc

195 1646 295 1688 ordo
329 1645 527 1695 iustitiae,
563 1649 625 1695 ut,
647 1644 745 1700 quia
778 1657 919 1687 eorum
954 1643 1095 1686 anima
1128 1643 1331 1685 famulum
1366 1656 1514 1699 corpus
1549 1656 1574 1685 a
1606 1642 1775 1685 domino

197 1716 427 1767 acceperat,
446 1710 555 1753 sicut
572 1710 663 1766 ipsa
679 1710 814 1753 eidem
831 1709 1000 1752 domino
1018 1723 1092 1752 suo
1111 1709 1172 1751 ita
1198 1709 1255 1751 illi
1273 1723 1422 1764 corpus
1449 1709 1536 1751 eius
1564 1708 1776 1750 oboediret

197 1783 324 1832 atque
345 1776 559 1819 exhiberet
579 1776 692 1819 uitae
714 1776 771 1818 illi
792 1789 1020 1831 congruum
1041 1775 1128 1817 sine
1150 1774 1235 1817 ulla
1254 1774 1491 1817 resistentia
1511 1774 1774 1816 famulatum.

198 1843 293 1885 hinc
318 1847 360 1885 et
384 1842 485 1885 nudi
510 1847 629 1885 erant
669 1847 712 1884 et
736 1855 820 1884 non
845 1841 1221 1884 confundebantur.
1264 1841 1448 1883 animam
1474 1840 1627 1896 quippe
1652 1839 1778 1881 ratio-

154 1922 170 1949 5
200 1908 336 1951 nalem
360 1907 541 1951 naturali
564 1908 813 1950 uerecundia
834 1920 944 1950 nunc
967 1907 1111 1963 pudet,
1137 1907 1247 1962 quod
1272 1906 1314 1948 in
1336 1920 1471 1957 carne,
1496 1906 1538 1948 in
1561 1906 1676 1948 cuius
1699 1919 1779 1947 ser-

199 1974 379 2017 uitutem
407 1974 469 2016 ius
497 1973 721 2029 potestatis
750 1973 923 2029 accepit,
954 1973 1089 2015 nescio
1119 1986 1203 2028 qua
1230 1972 1477 2014 infirmitate
1506 1972 1669 2014 efficere
1697 1984 1780 2013 non

287 2141 309 2176 9
333 2140 420 2177 Gen.
442 2142 473 2182 1,
495 2141 535 2176 31
631 2141 673 2176 24
695 2140 738 2175 cf.
763 2140 850 2177 Gen.
874 2141 906 2182 2,
927 2140 971 2176 25

293 2286 308 2319 1
343 2283 477 2319 arboris
509 2282 728 2330 necorporali
758 2283 787 2318 Ο
923 2284 944 2318 2
973 2282 1222 2329 sic—spiritali
1252 2282 1356 2318 s.l.L
1484 2282 1662 2328 paradyso
1693 2281 1785 2317 LSP

201 2344 222 2379 3
232 2343 267 2379 in
278 2343 387 2379 terius
399 2343 483 2379 Lm]
559 2345 581 2378 5
592 2343 668 2390 ipsa
677 2343 823 2379 SVGml
828 2342 935 2378 ΛΟΜ
937 2342 979 2378 bd
1064 2342 1085 2378 6
1096 2351 1297 2389 quamquae
1311 2342 1341 2377 V
1426 2343 1447 2378 8
1459 2353 1549 2388 quae
1561 2342 1595 2377 K
1685 2343 1706 2377 9
1716 2341 1781 2376 illis

202 2403 397 2449 SPG‚V(in
427 2414 492 2450 mq.
513 2402 526 2438 l
545 2402 652 2449 illius)
745 2403 788 2439 10
818 2403 980 2449 plantare
1014 2402 1102 2438 le
1205 2403 1244 2438 11
1275 2412 1350 2438 esse
1383 2402 1471 2437 Vm]
1559 2401 1785 2437 oboedientia

203 2462 297 2498 bona
308 2462 340 2498 V
407 2463 448 2499 12
460 2462 579 2499 solaV
644 2462 802 2509 exigerat
812 2462 922 2498 SVGb
934 2462 1091 2508 exigeret
1101 2462 1208 2498 ΛΟΜ
1223 2462 1335 2498 exiret
1349 2463 1405 2509 (ge
1420 2473 1446 2497 s.
1463 2462 1474 2496 i
1488 2461 1597 2507 m1)K
1680 2463 1720 2497 13
1735 2462 1786 2496 lu-

203 2521 295 2558 entis
316 2532 347 2564 ε,
370 2521 389 2557 b
411 2521 450 2558 in
471 2533 537 2568 ηις.
567 2522 718 2558 fruentis
746 2522 834 2559 Gm2
988 2522 1194 2569 expoediret
1226 2523 1261 2558 K
1427 2524 1469 2558 14
1500 2520 1672 2557 brohibiti
1701 2522 1783 2556 Sml

206 2583 246 2618 15
260 2585 444 2629 pateretur
454 2582 546 2618 Kml
602 2581 689 2618 illud
705 2582 737 2618 V
794 2581 1043 2629 proibitionem
1058 2582 1087 2618 L
1133 2586 1299 2628 putentes
1316 2581 1347 2617 V
1396 2582 1439 2618 16
1449 2581 1712 2628 intellegeretur
1726 2580 1786 2621 zd,

206 2641 225 2676 b
253 2642 293 2678 in
324 2653 388 2688 my.
542 2642 586 2678 18
615 2653 643 2678 ε.
675 2642 767 2678 hanc
798 2642 855 2678 m2
885 2641 1147 2678 oboedientiam
1177 2643 1255 2678 add.
1275 2642 1305 2678 G
1446 2642 1489 2677 19
1517 2641 1722 2677 obedientes
1754 2641 1786 2675 A

206 2702 250 2738 20
270 2701 333 2737 illa
349 2701 381 2736 V
486 2700 702 2739 aduersu-L
812 2701 965 2738 moueris
980 2702 1166 2738 KmlAml
1284 2703 1324 2738 21
1343 2701 1449 2737 cordo
1465 2702 1551 2737 Lm]
1652 2699 1789 2735 famulo

208 2761 241 2796 A
255 2761 310 2806 (in
326 2771 392 2808 ηις.
410 2761 603 2807 famulam)
720 2762 765 2798 22
778 2761 853 2809 ipse
869 2762 905 2797 K
1014 2761 1109 2798 idem
1127 2763 1159 2798 A
1272 2762 1314 2798 23
1328 2761 1486 2797 exiberet
1504 2761 1533 2796 L
1636 2760 1680 2795 25
1694 2768 1787 2795 nunc

208 2831 250 2856 ex
265 2830 330 2857 nec
350 2820 382 2856 P
471 2820 516 2858 26
529 2820 600 2869 ius]
615 2820 690 2857 eius
707 2822 741 2857 A
831 2821 998 2869 perficere
1014 2821 1082 2858 Kc
