2028 3204
155 957 196 988 10

155 1287 194 1316 15

152 1629 195 1658 20

152 1957 195 1987 25

757 226 844 263 libor
876 227 926 263 tv
958 227 1009 271 12,
1047 228 1186 270 18-—14‚
1218 228 1260 263 20
1722 218 1807 260 399

224 366 308 397 una
331 353 561 409 eademque
585 351 770 396 natura?
810 352 909 410 quid
937 354 1046 409 quod
1075 353 1155 396 ista
1179 359 1253 396 tua
1278 354 1438 397 ratione
1462 353 1590 396 etiam
1615 354 1807 409 spiritum

223 433 373 475 corpus
401 432 488 461 esso
517 418 672 475 cogeris
700 418 867 463 dicere?
910 418 1097 475 alioquin
1125 419 1157 461 si
1187 420 1356 475 spiritus
1386 433 1534 475 corpus
1563 432 1647 462 non
1675 425 1738 462 est
1766 427 1809 463 ot

221 485 364 529 anima
396 498 545 541 corpus
578 489 655 536 est,
689 497 774 528 non
805 489 904 528 sunt
936 485 1107 540 spiritus
1139 491 1182 527 et
1213 486 1354 528 anima
1387 485 1508 528 unius
1541 485 1809 542 eiusdemque

222 551 507 603 substantiam
545 555 593 593 tu
622 555 765 594 autem
795 556 1034 607 utrumque,
1067 552 1258 606 quamuis
1288 553 1371 594 duo
1402 551 1609 608 quaedam
1638 552 1806 604 sentias,

223 630 351 661 unam
383 617 525 660 fateris
556 616 709 660 habere
740 616 1042 660 substantiam:
1079 631 1175 673 orgo
1207 623 1250 659 et
1281 618 1450 673 spiritus
1486 631 1634 673 eorpus
1666 623 1742 669 est,
1775 619 1808 662 si

222 683 364 726 anima
386 696 535 739 eorpus
556 688 640 733 θεῖς
663 696 796 739 neque
818 683 928 726 enim
949 682 1072 726 aliter
1092 689 1268 739 possunt
1290 683 1410 726 unius
1433 683 1700 739 eiusdemqu(=
1722 698 1808 728 esso

223 754 412 792 naturae.
446 749 618 805 proinde
636 749 864 792 seeundum
884 755 924 792 te
941 748 1040 791 illud
1062 750 1171 804 quod
1190 749 1251 792 ait
1267 749 1503 805 apostolus:
1535 764 1552 791 s
1571 763 1598 804 p
1616 750 1627 791 i
1645 763 1665 791 r
1681 749 1693 791 i
1711 755 1729 792 t
1746 765 1772 793 u
1789 764 1807 793 s

223 821 438 858 uester
479 819 536 858 et
576 814 779 858 anima
820 820 878 858 et
921 828 1157 870 corpus,
1202 815 1283 858 tria
1310 821 1409 858 sunt
1437 828 1629 870 eorpora3
1658 816 1726 856 sed
1757 830 1809 858 ex

222 881 286 924 his
304 881 402 931 duo,
420 880 563 923 anima
580 885 622 922 et
640 880 824 936 spiritus,
843 881 965 924 unius
984 886 1159 925 naturae
1176 886 1276 924 sunt
1294 894 1479 937 corpora,
1500 894 1647 936 corpus
1666 888 1808 923 autem

223 946 338 997 illud,
364 947 475 1003 quod
499 946 627 989 etiam
651 960 746 989 caro
768 946 934 998 dieitur,
958 946 1124 990 diuersa
1146 951 1299 990 natura
1321 952 1395 990 est.
1436 952 1478 989 et
1500 960 1552 989 ox
1574 946 1636 989 his
1660 947 1807 998 tribuS‚

224 1019 272 1056 ut
291 1012 486 1068 opinaris,
507 1012 761 1068 corporibus,
783 1026 959 1069 quomm
979 1026 1110 1055 unum
1128 1012 1330 1063 diuersae,
1350 1014 1433 1056 duo
1453 1026 1550 1054 uero
1570 1019 1668 1055 sunt
1687 1014 1808 1056 unius

223 1079 491 1134 eiusdemque
528 1078 804 1129 substantiae,
844 1084 1011 1124 constat
1048 1084 1164 1122 totus
1201 1079 1340 1126 homo,
1380 1092 1463 1121 una
1502 1079 1707 1134 quaedam
1747 1093 1808 1122 res

222 1150 351 1200 atque
381 1157 466 1187 una
494 1144 746 1187 substantia.
793 1144 873 1190 ista
903 1159 998 1188 oum
1027 1159 1199 1192 asseras,
1231 1158 1314 1187 non
1344 1145 1406 1187 uis
1437 1151 1592 1190 tamon.
1625 1151 1671 1186 ut
1701 1146 1809 1187 (luae

222 1224 284 1253 res
308 1210 429 1253 unius
451 1210 719 1266 eiusdemque
742 1211 1017 1261 substantiae,
1042 1211 1082 1254 id
1105 1217 1167 1254 est
1190 1211 1330 1253 anima
1352 1217 1394 1253 ot
1417 1210 1600 1265 spiritus,
1624 1211 1810 1253 habeant

224 1289 354 1319 unum
386 1276 556 1332 spiritus
590 1290 755 1326 nomen,
789 1290 884 1319 cum
916 1278 1119 1323 duaores
1152 1290 1236 1318 non
1269 1277 1389 1319 unius
1422 1276 1703 1332 eiusdemque,
1737 1277 1807 1319 sed

223 1343 377 1398 inparis
408 1342 680 1398 diuersaoquo
711 1343 986 1393 substantiae,
1019 1343 1059 1385 id
1092 1348 1155 1386 est
1186 1343 1326 1386 anima
1357 1348 1398 1385 ot
1430 1355 1591 1398 corpus,
1625 1342 1810 1385 habeant

223 1421 367 1454 unum.
398 1408 507 1451 siout
536 1413 674 1463 putas,
706 1409 887 1464 eorporis
916 1422 1080 1451 nomen.
1129 1401 1148 1466 ἶ

331 1485 446 1528 XIV.
472 1486 535 1529 20.
564 1485 642 1528 Sed
667 1487 745 1528 hoo
768 1487 932 1534 omitto,
958 1500 1007 1528 no
1030 1487 1081 1529 de
1104 1487 1342 1529 nominibus
1366 1486 1475 1528 inter
1496 1499 1569 1528 nos
1593 1486 1646 1527 sit
1669 1486 1808 1541 potius

223 1551 507 1594 controuersia
532 1565 659 1607 quam
683 1553 734 1594 de
760 1552 894 1595 rebus,
937 1553 1130 1608 quisnam
1154 1553 1208 1595 sit
1232 1553 1357 1595 homo
1383 1552 1554 1594 interior
1578 1552 1807 1603 uideamus,

223 1624 365 1660 utrum
399 1618 540 1660 anima
575 1631 629 1660 an
663 1618 833 1674 spiritus
869 1632 922 1661 an
958 1624 1196 1675 utrumque.
1243 1620 1328 1668 sed,
1380 1618 1488 1660 sicut
1523 1623 1564 1660 to
1599 1618 1808 1674 scripsisse

224 1683 358 1732 uideo,
384 1683 622 1726 interiorem
646 1684 857 1726 hominem
882 1684 1065 1727 anima-m
1091 1684 1205 1727 dicis.
1246 1685 1297 1727 do
1321 1685 1399 1727 hae
1423 1684 1533 1726 enim
1558 1684 1806 1740 loquebaris,

222 1763 317 1792 cum
350 1749 525 1792 diceres:
574 1754 609 1791 et
639 1750 791 1804 qelcmle
821 1750 1058 1799 substantia,
1102 1764 1201 1805 quae
1234 1749 1501 1804 conprehendi
1531 1763 1613 1792 non
1645 1754 1806 1803 poterut,

223 1815 394 1869 efficeret
419 1828 562 1869 corpus
588 1815 702 1858 aliud
726 1816 835 1858 mtra
860 1829 1004 1870 corpus
1027 1821 1197 1858 naturae
1219 1830 1317 1859 suae
1341 1817 1388 1858 ui
1413 1820 1446 1858 et
1469 1816 1695 1869 spiramine.
1720 1829 1809 1857 con-

222 1881 420 1936 qlobatum
448 1881 667 1936 exindeque
693 1881 886 1935 inciperet
913 1882 1027 1924 homo
1055 1883 1221 1925 interior
1249 1895 1454 1936 apparere,
1485 1895 1596 1936 quem
1627 1882 1735 1923 uelut
1763 1882 1809 1923 in

222 1946 393 2000 somnam
414 1948 589 2001 uaqz'nae
611 1948 829 2000 corporalis
851 1948 1055 1990 inclusum
1078 1947 1131 1990 ad
1159 1947 1470 1990 similitudinem
1502 1949 1570 1990 sui
1593 1947 1807 1989 delimsscmit

222 2014 429 2055 exterioris
456 2013 633 2055 hominis
659 2012 859 2056 habitudo.
906 2014 1055 2055 deinde
1083 2013 1228 2056 infers:
1271 2014 1395 2067 slatus
1422 2027 1509 2068 erqo
1536 2013 1601 2055 dev]
1627 2014 1808 2054 ammam

221 2077 325 2131 fecit,
357 2079 479 2121 immo
505 2078 630 2132 slatus
659 2092 708 2120 θα·
735 2078 805 2120 deo
833 2079 974 2121 anima
1000 2079 1131 2133 sactus
1159 2083 1226 2130 est,
1257 2079 1438 2134 effigiata
1467 2079 1745 2122 substantialis
1774 2082 1808 2119 et

331 2210 349 2244 7
370 2208 386 2243 1
404 2209 520 2244 Thess.
540 2209 570 2252 5,
591 2209 633 2244 23
720 2209 772 2245 22.
791 2209 834 2244 26
852 2209 950 2245 Vino.
971 2210 1092 2245 Victor

333 2306 349 2339 1
363 2303 449 2351 quid
465 2307 520 2340 est
536 2304 631 2350 quod
644 2304 678 2338 H
740 2304 761 2339 2
777 2307 814 2339 et
830 2303 951 2339 anima
967 2306 1068 2341 om.A
1116 2306 1137 2341 3
1154 2305 1276 2340 eadem
1293 2304 1353 2341 BC
1405 2307 1426 2341 4
1443 2309 1562 2341 autem
1581 2305 1684 2339 omst
1738 2304 1804 2338 du(-

224 2375 292 2411 que
303 2363 351 2399 da.
366 2364 563 2400 sententias
571 2368 619 2400 nsi
629 2364 662 2400 A
673 2363 720 2399 (ἰό
731 2364 907 2410 quaedam
918 2365 1113 2401 sententias
1125 2376 1232 2401 unam
1246 2365 1275 2401 Ο
1347 2366 1367 2400 6
1378 2365 1472 2401 enim
1485 2377 1546 2400 om.
1565 2364 1595 2397 B
1659 2368 1803 2409 possunt

223 2422 326 2459 aliter
346 2424 377 2459 E
455 2425 476 2460 8
493 2424 624 2471 uester]
650 2434 732 2459 uero
756 2425 787 2459 T
855 2424 876 2458 9
892 2435 943 2470 pr.
961 2424 1104 2471 corp'ore
1122 2426 1155 2461 E
1219 2425 1259 2461 10
1276 2425 1414 2461 diuersa
1442 2431 1567 2460 ruituro
1593 2425 1621 2459 T
1647 2423 1803 2459 diuers-:w

224 2484 406 2519 naturaed
497 2485 538 2519 14
555 2483 677 2519 anima
693 2483 745 2532 et]
762 2483 902 2519 animae
914 2484 943 2519 G
1036 2483 1078 2520 15
1096 2484 1236 2528 duares3
1254 2484 1585 2530 uniusoiusdemque
1602 2482 1803 2527 substantie.

222 2543 260 2578 id
276 2547 330 2579 est
345 2542 467 2578 anima
483 2545 520 2579 et
534 2534 607 2590 ᾗς
624 2542 686 2579 sed
700 2542 835 2589 impare
850 2542 1010 2580 diuersae
1028 2555 1095 2592 que
1112 2545 1315 2590 substantie
1328 2546 1359 2579 Α
1471 2544 1510 2578 16
1537 2542 1681 2588 imparis
1698 2545 1735 2576 et
1750 2541 1802 2575 di-

224 2613 322 2649 uerso
338 2603 368 2638 Τ
422 2602 555 2639 habeat
567 2603 602 2638 H
657 2605 698 2639 17
711 2602 914 2648 corporibus
925 2604 959 2639 A
1010 2605 1051 2641 18
1062 2605 1168 2641 mitto
1180 2604 1210 2640 0
1256 2604 1376 2651 potius
1393 2604 1439 2639 sit
1451 2604 1481 2638 E
1536 2603 1577 2637 19
1588 2600 1802 2636 uideanusA

223 2662 264 2698 21
282 2662 461 2699 hominem
479 2664 581 2699 om.B
695 2663 739 2698 22
755 2662 979 2709 ευὴεῒαῐιιίυᾳ
992 2663 1029 2699 Η
1139 2663 1244 2712 quae]
1262 2675 1331 2710 qua
1344 2663 1414 2699 ΑΗ
1431 2665 1502 2709 qua
1514 2660 1626 2698 BCEI
1633 2660 1661 2694 T
1680 2658 1774 2707 quod
1786 2659 1804 2694 b

224 2712 443 2769 ciffihendere
458 2723 489 2758 Τ
548 2726 716 2769 poterant
727 2724 759 2758 A
821 2723 864 2758 23
880 2726 918 2759 et
931 2723 1132 2760 effioeretE
1187 2723 1223 2759 ui
1241 2722 1426 2759 omssoTb
1476 2726 1511 2756 et
1529 2732 1590 2755 om.
1602 2721 1630 2755 T
1690 2720 1733 2754 24
1749 2719 1803 2754 in-

223 2779 365 2828 peretV
421 2781 567 2819 uelutid
628 2782 671 2818 25
689 2782 802 2818 forma
817 2781 1010 2820 BGEITM
1073 2783 1267 2819 declinauit
1279 2783 1310 2818 Ε
1325 2781 1521 2818 delaniauit
1536 2781 1566 2815 T
1581 2778 1773 2815 delineauit
1783 2778 1805 2813 d

224 2841 269 2877 26
283 2840 376 2878 iners
387 2841 420 2877 Α
487 2841 649 2878 animum
661 2842 718 2878 Ad
793 2842 835 2878 27
851 2842 994 2898 effigiat
1009 2841 1319 2880 asubstantialisC
1394 2845 1639 2885 et—corporoa
1657 2838 1800 2874 om.1m1
