2028 3204
118 932 159 963 1⁰

118 1260 155 1289 15

113 1588 156 1618 20

112 1914 154 1944 25

776 206 863 243 liber
897 207 946 244 IV
979 209 1030 251 ls,
1066 203 1206 250 26—2sl
1692 203 1775 245 407

191 330 246 372 ab
267 330 351 372 ictu
374 343 416 373 se
436 329 648 372 subtrahit
669 334 712 372 et
732 329 774 373 in
794 329 895 373 alias
916 336 1056 386 partes
1075 330 1285 377 densendo
1306 348 1347 373 se
1368 333 1540 388 colligit,
1562 348 1611 376 ne
1631 335 1773 390 aliqua

188 407 284 451 pars
323 394 410 437 eius
446 394 616 438 uulnere
652 395 834 451 corporis
869 400 1142 451 amputetur‘,
1182 397 1347 440 etiamsi
1384 398 1605 441 dormienti
1643 406 1773 456 atque

189 460 389 503 nescienti
429 460 711 504 membrorum
752 460 910 516 aliquid
953 462 1248 517 praecidatur?
1307 468 1471 506 tantam
1516 465 1670 521 quippe
1715 466 1771 509 illi

188 525 336 569 tribuis
366 525 645 579 uigilantia-m,
678 531 725 569 ut
758 526 886 569 etiam
918 527 1016 569 uisis
1047 534 1252 583 occupata
1282 530 1549 582 somniorum,
1582 531 1615 572 si
1649 531 1773 587 plaga

188 591 362 634 inruerit
387 591 609 643 ignoranti,
636 605 719 647 qua
742 605 838 635 caro
863 591 1052 643 feriatur,
1080 607 1122 636 se
1149 593 1219 635 illa
1243 595 1509 649 prouidenter
1535 597 1772 651 perniciter-

187 670 267 712 que
283 656 505 708 subducat,
524 671 575 699 ne
591 658 725 712 possit
741 656 852 699 feriri
869 663 998 713 atque
1015 660 1157 702 uexari
1176 659 1261 701 siue
1279 660 1454 711 concidi,
1473 676 1545 703 nec
1563 662 1770 715 adtendis,

186 723 309 765 homo
329 723 524 778 prudens,
545 723 672 779 quod,
695 723 729 765 si
749 736 792 766 se
811 723 953 766 anima
972 724 1068 766 inde
1088 725 1353 777 subduceret,
1377 740 1449 767 nec
1473 726 1542 768 illa
1564 729 1771 781 percussio

185 788 422 830 sentiretur.
457 788 528 831 sed
555 788 695 831 inueni
715 790 826 844 quod
844 790 1028 844 potueris
1044 790 1144 844 quid
1167 791 1260 832 inde
1282 792 1542 846 respondeas,
1562 795 1772 847 quomodo

185 854 326 896 anima
343 858 484 909 partes
503 867 599 896 suas
617 854 802 910 abripiat
821 860 864 896 et
885 856 1084 898 recondat
1104 855 1321 908 introrsus,
1342 871 1406 908 ne,
1428 857 1498 899 ubi
1518 859 1772 912 praeciditur

185 932 257 962 seu
275 919 508 974 percutitur
526 920 707 976 corporis
734 920 981 971 membrum,
1003 926 1248 977 amputetur
1268 927 1309 963 et
1330 922 1419 977 ipsa
1438 928 1566 977 atquc
1581 929 1768 973 ucxet-ur,

187 984 456 1030 Dinocratem
474 985 612 1041 aspice
631 989 674 1028 et
698 986 778 1038 dic,
804 999 877 1028 cur
903 986 989 1028 eius
1015 987 1156 1029 anima
1183 1001 1263 1029 nou
1290 1002 1333 1029 se
1358 988 1613 1030 subtraxerit
1642 990 1695 1031 ab
1723 1006 1770 1031 eo

185 1050 367 1106 corporis
385 1050 490 1102 loco,
510 1051 581 1105 qui
599 1050 814 1094 mortifero
833 1052 1000 1094 uulnere
1021 1053 1282 1103 uastabatur,
1303 1067 1352 1095 ne.
1372 1054 1412 1095 in
1432 1054 1500 1095 illa
1522 1055 1641 1096 fieret
1660 1057 1769 1110 quod

184 1115 227 1158 in
250 1116 336 1159 eius
358 1116 463 1158 facie
486 1117 615 1159 etiam
637 1122 734 1172 post
757 1122 933 1159 mortem
958 1118 1085 1172 ipsius
1109 1119 1290 1173 corporis
1313 1126 1545 1173 appareret.
1586 1135 1639 1162 an
1664 1120 1771 1163 forte

183 1181 266 1223 iam
286 1181 364 1224 tibi
382 1182 536 1237 placet,
556 1186 604 1225 ut
622 1182 724 1226 istas
743 1183 884 1238 potius
904 1183 1196 1226 similitudines
1215 1197 1433 1239 corporum
1453 1198 1580 1239 quam
1599 1199 1771 1241 corpora

184 1259 270 1289 esse
302 1248 532 1297 credamus,
573 1252 622 1290 ut
653 1250 861 1303 quomodo
891 1254 1069 1304 apparet
1100 1250 1219 1305 quasi
1251 1250 1415 1302 qunuS,
1448 1252 1558 1304 quod
1590 1265 1670 1293 non
1705 1259 1770 1294 est

183 1312 348 1363 uulnus,
388 1313 449 1355 ita
478 1313 588 1368 quod
618 1327 701 1356 non
731 1320 795 1356 est
825 1327 972 1369 corpus
1003 1315 1122 1370 quasi
1152 1328 1299 1370 corpus
1327 1316 1561 1371 appareat?
1608 1331 1704 1359 nam
1737 1318 1768 1359 si

183 1378 323 1420 anima
342 1379 549 1421 uulnerari
570 1384 711 1435 potest
731 1380 783 1422 ab
805 1380 862 1422 eis
882 1380 953 1435 qui
974 1380 1197 1423 uulnerant
1218 1394 1379 1436 corpus,
1407 1381 1562 1424 nihilne
1583 1389 1770 1425 metuen-

182 1443 283 1485 dum
304 1450 380 1494 est,
402 1458 453 1486 ne
471 1445 605 1499 possit
625 1445 754 1487 occidi
773 1445 826 1487 ab
847 1445 903 1488 eis
923 1446 993 1501 qui
1014 1459 1161 1500 corpus
1181 1446 1408 1488 occidunt?
1444 1448 1551 1501 quod
1574 1449 1768 1491 dominus

181 1509 443 1564 apertissime
462 1510 551 1551 fieri
569 1524 649 1552 non
666 1523 786 1565 posse
803 1514 998 1553 testatur.
1034 1517 1077 1553 et
1093 1517 1235 1554 tamen
1250 1512 1389 1554 anima
1408 1513 1646 1555 Dinocratis
1666 1515 1768 1556 mori

184 1588 266 1617 non
289 1575 445 1630 potuit,
469 1575 579 1618 unde
602 1589 750 1631 corpus
774 1576 860 1618 eius
885 1582 948 1618 est
973 1582 1200 1629 mortuum,
1226 1583 1268 1619 et
1292 1579 1409 1633 quasi
1436 1579 1656 1621 uulnerata
1679 1580 1769 1622 uisa

182 1643 260 1690 est,
285 1640 393 1682 sicut
417 1654 564 1696 corpus
587 1641 724 1684 fuerat
750 1641 1030 1694 uulneratum,
1057 1643 1255 1698 quoniam
1282 1656 1428 1698 corpus
1455 1658 1536 1686 non
1563 1650 1666 1695 erat,
1693 1646 1761 1687 sed

180 1704 366 1748 habebat
412 1706 454 1748 in
498 1706 770 1750 similitudine
814 1709 994 1763 corporis
1040 1708 1169 1751 etiam
1213 1709 1525 1751 similitiulinem
1570 1711 1764 1753 uulneris.

181 1783 302 1826 porro
331 1776 472 1814 autem
502 1772 544 1814 in
572 1786 653 1815 nou
684 1786 780 1815 uero
810 1786 978 1829 corpore
1016 1787 1116 1816 uera
1144 1774 1310 1816 miseria
1339 1775 1418 1816 fuit
1448 1775 1626 1826 animae,
1657 1790 1765 1831 quac

182 1836 498 1890 significabatur
526 1838 775 1880 adumbrato
805 1839 986 1894 corporis
1014 1839 1198 1891 uulnere,
1228 1839 1279 1881 de
1308 1853 1391 1894 qua
1418 1841 1565 1881 sororis
1594 1848 1764 1883 sanctae

182 1902 438 1945 orationibus
467 1904 618 1945 meruit
647 1903 824 1946 liberari.

287 1980 353 2022 28.
378 1979 466 2021 Iam
491 1980 591 2022 illud
613 1980 733 2036 quale
756 1986 819 2022 est
840 1981 989 2033 dicere,
1012 1982 1122 2036 quod
1147 1981 1300 2023 ‘anima
1322 1981 1498 2024 formam
1520 1983 1570 2024 de
1592 1996 1762 2038 corpore

182 2044 364 2099 accipiat
385 2050 428 2087 et
444 2059 539 2087 cum
562 2045 815 2088 incremento
838 2047 1019 2101 eorporis
1042 2047 1316 2102 protendatur
1338 2052 1380 2089 et
1403 2052 1589 2098 crescat‘,
1613 2055 1655 2091 et
1679 2063 1762 2091 non

286 2191 325 2225 17
343 2190 385 2227 ci.
405 2191 535 2226 Matth.
557 2192 606 2232 lo,
627 2191 669 2226 28
747 2190 789 2225 26
807 2190 907 2226 Vinc.
927 2190 1050 2226 Victor

283 2281 300 2314 1
320 2280 366 2316 ab
381 2279 471 2327 ictu]
486 2280 665 2316 obictusG
680 2280 829 2316 abiectis
844 2281 894 2316 eis
905 2280 936 2316 Ε
985 2281 1165 2317 densando
1178 2280 1360 2318 ABHde
1376 2282 1571 2318 desecando
1583 2284 1614 2318 E
1661 2283 1763 2318 colle-

181 2338 273 2385 gito
346 2350 460 2386 neque
470 2340 503 2375 Ε
577 2341 598 2376 2
614 2345 721 2387 atque
738 2352 773 2377 se
790 2341 959 2377 nescienti
971 2341 1007 2376 H
1087 2342 1110 2378 3
1126 2341 1353 2387 praecidatur
1362 2343 1416 2378 ml
1435 2352 1477 2378 ex
1492 2342 1720 2388 praedicatur
1734 2343 1763 2376 B

182 2401 368 2445 tamquam
387 2401 421 2435 A
445 2403 588 2436 tantum
608 2401 637 2437 G
726 2403 746 2436 4
766 2400 926 2438 tribuisti
948 2400 1109 2436 301de
1133 2401 1292 2437 tribuens
1312 2402 1344 2437 Ε
1429 2403 1707 2438 somnioniorum
1731 2405 1761 2437 A

181 2458 202 2494 8
218 2459 317 2494 setA
391 2460 413 2495 9
428 2459 694 2505 praecidaturE
771 2463 809 2496 11
829 2460 1042 2497 denocraten
1053 2461 1082 2496 Ο
1096 2460 1305 2497 dinocraten
1316 2462 1484 2497 ABCHT
1556 2462 1720 2508 quareius
1734 2464 1762 2497 (Ι

181 2529 217 2554 se
232 2528 304 2553 non
315 2518 352 2554 H
405 2520 448 2555 12
464 2519 609 2556 uulnere
624 2519 655 2554 B
708 2521 917 2557 uestabatur
931 2519 991 2556 BG
1047 2521 1087 2557 13
1101 2520 1139 2556 in
1156 2522 1258 2558 om.A
1312 2521 1424 2556 faci-e
1436 2521 1472 2557 H
1535 2529 1720 2566 appeteret
1732 2523 1760 2556 C

182 2578 225 2613 14
239 2577 328 2624 iam]
344 2578 454 2614 etiam
471 2578 551 2615 1301
557 2579 631 2616 de
712 2590 855 2627 corpore
872 2584 892 2616 e
906 2580 1092 2616 credamus
1104 2580 1134 2616 0
1232 2580 1274 2616 16
1292 2581 1418 2617 uulnus
1435 2580 1501 2627 ita]
1519 2581 1616 2616 uuln'
1634 2581 1682 2616 sit
1699 2593 1718 2615 a
1732 2582 1761 2616 C

182 2638 224 2674 17
238 2636 330 2674 nihil
342 2637 375 2672 B
387 2629 550 2675 inihilli
565 2629 606 2685 (H
619 2641 763 2686 8.l.m1)
835 2641 876 2676 18
893 2639 1062 2677 occidunt
1077 2650 1202 2686 corpus
1217 2638 1377 2677 801de
1442 2641 1484 2676 19
1499 2652 1542 2676 ne
1558 2639 1588 2673 B
1649 2640 1760 2676 dono·

181 2697 329 2734 cratiae
382 2699 424 2735 20
440 2698 516 2735 eius
531 2700 700 2746 corpusE
769 2700 960 2736 uulneraE
1029 2700 1069 2736 21
1088 2699 1158 2746 est]
1175 2701 1301 2736 suntE
1370 2701 1412 2735 22
1429 2700 1465 2735 in
1482 2699 1718 2736 similitudine
1729 2700 1760 2735 E

181 2756 226 2793 23
239 2756 278 2794 in
293 2757 382 2805 non]
395 2758 484 2795 imm
497 2759 528 2794 Τ
602 2759 759 2805 corporis
773 2759 803 2794 B
884 2760 928 2796 24
945 2759 1087 2796 uulnere
1103 2762 1258 2806 corporis
1273 2760 1303 2796 T
1386 2759 1429 2794 26
1445 2758 1578 2795 diceres
1589 2759 1617 2794 C
1633 2760 1664 2804 (s
1680 2770 1706 2795 s.
1719 2759 1758 2804 l.)

180 2814 356 2854 animno
430 2818 473 2855 27
489 2817 550 2855 all.
567 2818 619 2866 et]
635 2822 676 2856 ut
686 2819 716 2855 Ο
