2028 3204
572 174 637 212 111.
669 175 779 211 Index
811 175 999 211 uerborum
1032 179 1067 210 et
1098 174 1335 210 elocutionum

164 297 326 343 adsigno:
361 306 481 332 earum
514 295 751 342 (nuptiarum)
784 296 918 331 fructus

209 356 349 392 diabolo
377 355 565 402 adsignant
597 354 631 390 11
660 355 737 397 263,
765 356 798 397 3,
827 356 870 399 ct.
903 354 916 389 l

210 417 287 458 529,
312 417 366 451 30.

165 476 311 511 adsumo
332 474 365 510 11
384 476 460 517 253,
481 476 531 511 10.
551 475 628 516 278,
648 475 699 510 18.
735 474 748 509 1
769 475 843 516 194,
864 475 916 510 18.

209 536 286 577 343,
313 535 366 571 15.

165 595 318 630 adtendo
344 594 428 641 quia
456 594 468 629 1
494 595 548 635 26,
577 594 627 630 15.

165 655 310 690 adtexo:
333 655 377 689 ad
400 655 464 689 hoc
486 658 600 689 cetera
621 654 761 689 adtexit
784 653 818 688 ΙΙ
840 654 917 695 295,

210 715 263 755 24,
289 716 331 758 cs.
362 713 394 748 11
423 715 496 755 183,
525 715 575 749 11.

164 774 330 809 adtraho:
356 778 419 808 aut
442 773 485 808 de
510 773 654 808 traduce
678 773 841 808 adtracta
864 778 918 808 est.

209 834 358 879 (anima)
394 833 404 867 l
441 834 515 874 143,
550 834 600 868 13.
634 833 826 879 propagine
857 833 918 867 ad·

210 899 361 928 tractum
394 892 406 928 1
436 894 511 935 148,
541 893 597 934 15;
624 894 666 937 cl.
697 892 731 927 ΙΙ
759 893 835 934 256,
864 893 915 928 16.

213 953 225 987 l
252 954 328 994 238,
354 954 407 988 22.
433 953 510 994 317,
536 953 589 988 28.
615 953 692 993 471,
719 953 749 987 7.

164 1013 422 1047 adtributiones
451 1011 464 1047 1
489 1013 566 1054 218,
590 1013 622 1047 8.

164 1072 315 1107 adueho:
343 1083 413 1117 quo
438 1082 516 1106 eum
544 1071 737 1107 curandum
766 1072 917 1106 Samari·

211 1138 315 1166 tanus
341 1131 486 1166 aduexit
516 1131 528 1166 Ι
556 1132 632 1173 277,
660 1133 712 1167 23.

163 1191 360 1226 aduerbium
382 1202 457 1226 cum
477 1191 656 1226 adiectiuo:
678 1191 788 1226 securi
809 1195 916 1237 atque

209 1251 340 1297 inpune
365 1262 546 1297 peccemus
575 1250 587 1285 I
617 1252 690 1293 174,
716 1251 769 1286 26.

165 1311 344 1346 aduersor:
376 1315 522 1356 possunt
552 1311 644 1345 enim
676 1314 711 1346 ct
741 1310 918 1346 contraria

210 1382 277 1404 non
310 1370 459 1405 inuicem
493 1370 670 1405 aduersari
705 1370 718 1405 1
752 1371 829 1412 280,
863 1371 914 1406 16.

209 1430 440 1465 aduersantur
459 1430 564 1465 errori
588 1430 599 1464 l
620 1431 697 1472 463,
718 1431 748 1465 9.
771 1430 837 1464 nisi
856 1430 917 1476 qui

209 1490 337 1524 eisdem
358 1490 485 1525 litteris
503 1490 710 1525 aduersatur
732 1489 746 1525 1
768 1491 842 1531 123,
862 1490 915 1525 25.

164 1549 349 1584 aduersum
370 1560 485 1594 praep.
510 1549 523 1584 1
546 1550 620 1590 107,
641 1551 694 1585 20.
731 1549 765 1584 ll
784 1551 841 1591 30,
861 1550 915 1585 24.

211 1611 286 1650 114,
298 1610 351 1644 22.
363 1611 440 1651 304,
453 1610 506 1650 22,
518 1609 631 1644 ceteris
644 1610 725 1644 locas
737 1609 915 1645 aduersus.

165 1668 347 1704 aduersus:
366 1680 408 1704 ex
425 1669 572 1704 aduerso
594 1668 627 1703 ΙΙ
643 1670 699 1710 32,
718 1671 770 1705 14.
788 1669 843 1711 54,
863 1671 914 1705 14.

163 1728 373 1763 adulatorie:
401 1728 495 1774 quod
521 1728 674 1764 scribens
699 1729 743 1763 ad
770 1729 915 1764 uiduam

209 1788 403 1823 adulatorie
428 1788 557 1823 dixerit
586 1788 619 1823 ll
645 1789 700 1830 68,
728 1790 779 1824 10.

164 1847 354 1882 adulterati
381 1847 415 1882 ΙΙ
441 1849 517 1890 231,
543 1849 596 1884 22.

165 1906 381 1942 adulterinus
397 1907 604 1942 concubitus
624 1907 658 1942 11
677 1908 752 1949 198,
769 1910 806 1948 4;
823 1909 866 1951 cl.
881 1907 915 1942 11

210 1967 264 2007 70,
288 1967 319 2001 5.

165 2026 352 2060 adumbro:
378 2026 433 2061 hic
455 2037 620 2061 numerus
643 2027 831 2071 mysticum
856 2026 916 2062 ali-

210 2085 294 2131 quid
317 2085 505 2121 adumbrat
528 2090 564 2121 et
585 2091 725 2121 resonat
750 2086 762 2120 I
786 2087 861 2129 126,
883 2087 914 2122 9.

209 2145 421 2180 adumbrata
452 2145 666 2192 significatio
704 2145 717 2180 1
752 2147 827 2188 189,
863 2147 914 2182 19.

210 2204 421 2240 adumbrato
447 2205 600 2251 corporis
626 2205 768 2241 uulnere
798 2205 811 2240 1
838 2207 915 2248 407,

209 2265 262 2299 24.

164 2323 376 2359 aduocatum
399 2335 469 2359 non
489 2324 620 2360 habent
646 2324 659 2359 1
682 2325 760 2367 504,
786 2326 836 2361 17.
862 2326 914 2361 19.

163 2382 364 2418 aedificatio
401 2383 456 2419 uel
495 2384 718 2419 confirmatio
755 2384 839 2420 fidei
880 2384 915 2420 ΙΙ

210 2443 286 2483 206,
312 2443 364 2478 18.
388 2443 569 2479 doctrinae
595 2443 610 2478 1
633 2444 711 2486 377,
737 2446 789 2480 14.

164 2501 379 2537 aedilicium:
397 2502 507 2537 solido
524 2502 686 2539 aedificio
703 2503 860 2539 caritatis
880 2503 915 2539 11

211 2561 286 2602 135,
311 2562 364 2597 24.

164 2620 327 2656 aedifico:
344 2631 450 2667 quam
467 2621 671 2657 aedificauit
684 2622 721 2657 in
735 2622 915 2658 mulierem

212 2679 227 2715 1
248 2680 303 2722 69,
327 2680 378 2716 15.
400 2681 479 2723 330,
499 2681 537 2722 6;
557 2682 601 2726 cl.
626 2680 641 2716 1
661 2682 740 2724 538,
759 2682 793 2718 3.
814 2692 916 2717 sensu

210 2739 427 2776 eoelemstico
450 2739 465 2775 1
485 2740 564 2783 364,
586 2741 639 2777 12.
661 2741 739 2783 419,
761 2741 815 2778 18.
835 2741 915 2785 532,

212 2800 264 2834 14.
279 2799 357 2840 568,
375 2799 427 2836 15.
459 2799 492 2835 11
510 2801 563 2842 15,
579 2800 632 2836 26.
649 2801 704 2843 23,
719 2801 751 2836 9.
769 2801 845 2843 147,
861 2801 914 2837 15.

1670 169 1750 214 623

991 294 1180 341 aegerrime
1205 294 1419 330 sustinemus
1447 293 1461 329 1
1486 295 1563 335 271,
1591 295 1644 331 15.

991 354 1190 400 aegritudo:
1222 354 1250 389 si
1281 354 1375 389 nulla
1404 354 1583 400 originalis
1612 353 1750 400 peccati

1036 414 1257 459 aegritudine
1284 414 1432 449 sauciati
1458 417 1542 449 sunt
1570 413 1585 448 1
1612 415 1666 456 23,
1696 415 1747 450 15.

1035 475 1090 515 33,
1117 475 1168 509 12.
1194 474 1238 509 ab
1262 474 1483 519 aegritudine
1506 474 1749 510 conualescere

1040 533 1145 575 1153,
1165 535 1221 574 15;
1238 535 1281 576 cl.
1303 533 1314 568 1
1333 535 1387 575 24,
1407 535 1458 569 19.
1476 535 1531 575 33,
1547 536 1579 569 4.
1598 535 1675 576 247,
1693 535 1747 570 20.

1036 595 1113 635 248,
1139 594 1192 629 24.

953 698 955 714 Ι
991 665 1230 711 aegrotabilis:
1250 666 1340 700 sicut
1361 666 1424 700 hoc
1443 670 1603 701 nostrum
1623 677 1749 712 corpus

1038 730 1167 771 potest,
1183 731 1221 760 ut
1237 725 1287 760 ita
1302 725 1430 766 dicam,
1447 737 1519 760 esse
1534 726 1748 771 aegrotabile

1040 785 1052 819 l
1078 786 1110 826 6,
1139 785 1190 820 15.

991 850 1170 890 aegrotus:
1192 850 1393 891 peccatores
1413 848 1532 880 autem
1553 845 1747 891 appellauit

1036 908 1197 950 aegrotos
1225 904 1239 939 I
1265 905 1342 947 247,
1370 905 1420 940 15.

991 965 1153 1010 aenigma
1181 964 1193 999 1
1219 964 1297 1005 511,
1324 966 1376 999 11.

991 1024 1186 1070 aequalitas
1210 1024 1412 1070 angelorum
1440 1023 1453 1059 l
1477 1025 1554 1066 515,
1579 1025 1609 1059 9.

991 1095 1184 1141 aequaliter
1215 1096 1280 1130 reis
1314 1095 1327 1130 I
1358 1097 1436 1138 474,
1468 1097 1521 1132 20.
1553 1096 1748 1142 aequaliter

1036 1155 1160 1190 dicunt
1204 1155 1218 1190 I
1263 1157 1337 1197 113,
1378 1156 1409 1191 8.
1452 1156 1647 1202 aequaliter
1687 1168 1748 1202 per

1037 1219 1199 1250 naturam
1229 1215 1263 1250 II
1291 1216 1366 1257 151,
1391 1216 1423 1251 8.

991 1275 1182 1321 aequitatis
1205 1279 1278 1310 tam
1304 1280 1455 1310 secretae
1480 1275 1570 1310 ratio
1597 1275 1611 1310 I
1635 1277 1689 1318 77,
1714 1277 1745 1311 7.

992 1358 1120 1392 aequo:
1143 1351 1183 1382 ut
1204 1347 1318 1382 nullus
1339 1347 1369 1382 ei
1390 1350 1482 1382 esset
1501 1348 1707 1393 aequandas
1732 1349 1744 1383 I

1036 1408 1091 1448 89,
1134 1408 1185 1442 18.
1226 1418 1295 1441 non
1335 1407 1547 1453 aequabitur
1586 1412 1746 1443 creatura

1036 1466 1184 1502 creatori
1202 1466 1215 1501 l
1230 1468 1306 1507 261,
1320 1468 1357 1508 3;
1372 1469 1414 1510 cl.
1432 1466 1538 1509 1463,
1554 1469 1583 1502 1.
1598 1468 1676 1510 542,
1691 1469 1744 1503 24.

1039 1526 1074 1561 11
1098 1527 1153 1568 67,
1181 1528 1232 1562 12.
1261 1528 1312 1562 19.

991 1597 1139 1632 aequus:
1180 1597 1258 1621 cum
1299 1598 1340 1621 ex
1379 1597 1492 1632 aequo
1531 1587 1636 1621 ambo
1674 1587 1745 1622 sint

1035 1645 1251 1692 originaliter
1276 1651 1475 1692 peccatores
1503 1645 1517 1680 I
1543 1647 1597 1689 28,
1623 1647 1676 1682 26.

990 1716 1064 1741 aer:
1091 1716 1170 1741 cum
1197 1717 1255 1740 aer
1280 1711 1398 1741 motus
1423 1706 1496 1752 ipse
1522 1706 1568 1741 sit
1596 1706 1702 1741 flatus
1732 1707 1743 1741 1

1034 1766 1112 1808 397,
1138 1766 1191 1801 25.

989 1825 1103 1860 aerius
1124 1825 1137 1860 I
1155 1826 1233 1867 363,
1254 1827 1304 1860 14.
1323 1826 1402 1867 397,
1419 1826 1451 1860 5.
1472 1826 1524 1861 15.
1546 1827 1596 1861 19.
1615 1827 1693 1867 398,
1711 1828 1744 1861 8.

1034 1886 1112 1926 417,
1137 1887 1168 1920 4.

990 1955 1218 1979 aerumnosus
1242 1945 1393 1990 gemitus
1422 1944 1455 1978 11
1481 1945 1557 1986 283,
1586 1947 1637 1980 14.

990 2004 1192 2039 aestimatio
1217 2004 1471 2050 mancipiorum
1499 2003 1514 2039 1
1538 2005 1593 2046 66,
1621 2005 1672 2040 16.

990 2063 1137 2099 aestimo
1153 2063 1205 2109 (Σ
1225 2063 1404 2108 existimo)
1423 2063 1508 2106 188,
1524 2065 1577 2099 23.
1595 2065 1672 2106 417,
1691 2067 1742 2100 11.

990 2139 1128 2170 aestuo:
1144 2135 1286 2181 quando
1300 2145 1377 2170 eam
1392 2135 1746 2181 (concupiscentiam)

1033 2194 1244 2230 inordinatis
1265 2198 1372 2240 atque
1395 2195 1566 2230 indecoris
1588 2196 1744 2231 motibus

1035 2259 1256 2290 aestuantem
1274 2255 1389 2290 frenat
1407 2254 1442 2290 11
1459 2256 1536 2296 221,
1553 2256 1585 2291 9.
1602 2260 1744 2291 aestuat

1035 2319 1154 2349 tamen
1178 2314 1244 2350 iste
1273 2314 1286 2349 l
1310 2315 1388 2356 349,
1416 2315 1467 2350 16.

989 2378 1122 2409 aestus:
1139 2374 1275 2420 magnis
1289 2385 1449 2409 curarum
1465 2375 1622 2410 aestibus
1635 2380 1744 2421 atque

1034 2433 1231 2469 taediorum
1266 2433 1280 2468 1
1310 2435 1345 2475 3,
1376 2435 1407 2469 2.
1441 2434 1577 2479 pondus
1607 2434 1676 2469 diei
1707 2440 1743 2470 et

1033 2496 1151 2528 aestus
1178 2493 1193 2528 1
1218 2494 1295 2534 473,
1323 2493 1375 2529 18.
1400 2496 1501 2529 aestu
1524 2493 1680 2529 libidinis
1708 2493 1742 2528 11

1035 2553 1111 2595 199,
1136 2554 1167 2589 2.
1194 2553 1270 2594 279,
1298 2554 1349 2588 14.

988 2627 1149 2660 aetatum
1175 2623 1270 2660 labes
1301 2623 1313 2658 1
1343 2624 1418 2666 106,
1445 2624 1499 2659 21.
1526 2624 1743 2659 mutationes

1033 2686 1192 2719 aetatum
1225 2682 1240 2718 I
1271 2684 1347 2725 119,
1388 2684 1439 2719 13.
1478 2683 1577 2718 liberi
1606 2683 1744 2720 arbitrii

1033 2746 1132 2778 aetas
1158 2742 1173 2778 1
1197 2743 1275 2784 316,
1300 2743 1331 2778 9.

989 2802 1180 2838 aeternitas
1196 2802 1319 2837 diuina
1339 2801 1353 2837 l
1371 2803 1448 2844 291,
1467 2804 1496 2838 1.
1514 2806 1679 2838 naturam
1696 2803 1743 2838 ab
