1976 3210
175 1049 213 1078 10

178 1402 214 1430 15»

173 1731 215 1762 20

174 2061 215 2091 25

823 327 900 364 cap.
931 318 984 359 ιο,
1014 318 1157 360 17-12,
1186 318 1229 354 19
1745 306 1818 348 171

241 445 299 486 de
330 441 614 499 euangelio;
657 442 822 484 uirtus
868 442 1000 486 enim
1030 441 1107 484 dei
1137 447 1212 484 est
1244 442 1293 486 in
1321 442 1538 484 salutem
1567 443 1700 486 omni
1729 455 1824 484 cre-

241 509 397 560 denti,
431 508 618 551 Iudaeo
650 508 866 564 primum
896 513 943 550 et
967 508 1166 551 Graeco.
1197 509 1402 550 iustitia
1429 508 1561 552 enim
1590 508 1666 550 dei
1694 509 1745 552 in
1770 522 1823 550 eo

242 575 502 618 reuelatur
543 588 603 616 ex
639 574 740 616 fide
776 574 826 618 in
863 574 1030 626 fidem,
1068 575 1201 616 sicut
1239 575 1489 630 scriptum
1528 580 1620 616 est:
1655 575 1823 617 iustus

244 647 415 684 autem
438 653 497 683 ex
515 639 616 682 fide
635 641 682 682 ui
694 640 780 683 uit.
794 641 895 683 haec
907 646 969 682 est
981 640 1141 683 iustitia
1151 640 1230 691 dei,
1247 653 1352 696 quae
1366 641 1408 682 in
1421 645 1673 683 testamento
1686 646 1823 683 uetere

242 707 384 750 uelata
423 707 466 749 in
498 719 607 749 nouo
641 705 868 757 reuelatur;
902 719 1009 762 quae
1059 707 1151 749 ideo
1194 706 1355 749 iustitia
1395 707 1462 749 dei
1502 706 1667 757 dicitur,
1712 707 1824 762 quod

242 773 500 829 inpertiendo
523 786 614 815 eam
637 773 768 815 iustos
793 773 907 824 facit,
934 773 1041 815 sicut
1073 772 1264 815 domini
1297 778 1372 814 est
1403 772 1552 823 salus,
1578 786 1662 828 qua
1686 773 1822 815 saluos

242 839 354 882 facit.
395 844 435 880 et
457 839 557 881 haec
578 844 642 881 est
661 838 778 890 fides,
800 852 851 881 ex
872 851 956 894 qua
976 844 1018 881 et
1038 839 1080 881 in
1102 852 1229 894 quam
1251 838 1471 890 reuelatur‚
1493 852 1544 881 ex
1565 839 1647 881 fide
1668 839 1824 881 scilicet

241 905 582 948 annuntiantium
605 905 647 947 in
669 904 797 948 fidem
821 905 1143 948 oboedientium.
1176 919 1260 960 qua
1282 905 1365 947 fide
1390 905 1482 947 Iesu
1506 905 1671 956 Christi,
1697 905 1737 947 id
1761 911 1823 947 est

241 984 367 1027 quam
387 971 506 1013 nobis
524 970 703 1014 contulit
722 971 922 1021 Christus,
943 971 1149 1013 credimus
1169 985 1219 1013 ex
1239 972 1317 1013 deo
1336 971 1454 1014 nobis
1475 984 1561 1013 esse
1581 971 1823 1026 pleniusque

243 1038 430 1080 futurum
453 1050 538 1080 esse
561 1037 673 1093 quod
696 1038 802 1080 iuste
825 1037 1017 1080 uiuimus.
1043 1038 1152 1080 unde
1175 1037 1233 1079 illi
1255 1050 1301 1079 ea
1327 1037 1495 1093 pietate,
1521 1051 1605 1092 qua
1626 1037 1734 1080 solus
1758 1051 1823 1079 co-

244 1103 387 1145 lendus
416 1109 490 1154 est,
519 1103 675 1158 gratias
704 1104 876 1155 agimus.

350 1192 448 1235 XII.
472 1193 531 1235 19.
551 1193 634 1235 Nec
648 1192 840 1235 inmerito
852 1207 893 1235 se
907 1193 1118 1248 apostolus
1131 1206 1181 1235 ex
1193 1193 1270 1235 hoc
1283 1192 1458 1235 articulo
1471 1193 1678 1236 conuertit
1692 1193 1743 1235 ad
1757 1206 1823 1235 eos

241 1272 335 1301 cum
360 1259 637 1302 detestatione
658 1259 1055 1309 commemorandos,
1078 1259 1149 1314 qui
1170 1259 1273 1301 uitio
1295 1258 1377 1309 illo,
1401 1258 1513 1314 quod
1533 1259 1721 1314 superius
1741 1272 1824 1301 me-

241 1324 415 1375 moraui,
455 1324 564 1367 leues
587 1330 629 1367 et
652 1324 790 1367 inflati
813 1338 859 1367 ac
884 1338 955 1380 per
978 1339 1019 1367 se
1043 1325 1154 1380 ipsos
1177 1324 1291 1367 uelut
1316 1338 1389 1380 per
1411 1324 1534 1367 inane
1558 1324 1725 1375 sublati,
1754 1324 1825 1367 ubi

246 1403 326 1432 non
348 1391 663 1445 requiescerent,
685 1391 756 1433 sed
777 1391 900 1433 fracti
925 1390 1161 1441 dissilirent,
1192 1390 1234 1432 in
1266 1391 1468 1445 figmenta
1494 1391 1697 1433 idolorum
1718 1397 1824 1433 tam—

242 1469 367 1511 quam
398 1456 439 1498 in
469 1456 625 1513 lapides
654 1457 908 1499 deciderunt.
962 1457 1060 1512 quia
1088 1457 1199 1499 enim
1228 1457 1595 1499 commenda-uerat
1625 1457 1823 1512 pietatem

243 1522 352 1567 fidei.
381 1535 464 1578 qua
486 1523 562 1565 deo
585 1522 801 1565 iustificati
821 1522 930 1577 grati
952 1536 1037 1565 esse
1059 1523 1272 1574 debemus,
1296 1522 1411 1565 uelut
1434 1523 1688 1565 contrarium
1713 1523 1823 1578 quod

242 1587 543 1631 detestaremur
572 1588 847 1632 subinferens:
885 1589 1147 1631 reuelatur
1182 1590 1328 1639 enim,
1360 1589 1508 1645 inquit,
1546 1589 1619 1632 ira
1654 1589 1730 1631 dei
1766 1589 1822 1631 de

242 1654 377 1696 caelo
407 1668 558 1710 super
581 1667 777 1699 omnem
801 1655 1123 1710 impietatem
1148 1660 1196 1697 et
1220 1655 1535 1698 iniustitiam
1560 1656 1822 1698 hominum

244 1733 415 1762 eorum
442 1721 526 1776 qui
561 1721 831 1763 ueritatem
859 1721 909 1763 in
941 1721 1229 1777 iniquitate
1262 1721 1511 1771 detinent,
1545 1722 1663 1777 quia
1693 1721 1823 1777 quod

243 1791 417 1828 notum
435 1792 508 1829 est
523 1786 598 1829 dei
618 1786 949 1830 manifestum
969 1793 1041 1829 est
1059 1788 1110 1829 in
1128 1787 1247 1837 illis,
1268 1787 1388 1830 deus
1407 1788 1535 1830 enini
1554 1787 1654 1829 illis
1674 1788 1825 1830 mani-

242 1852 468 1895 festauit.
512 1853 799 1896 inuisibilia
827 1854 958 1896 enim
989 1854 1095 1895 eius
1124 1867 1149 1895 a
1178 1859 1411 1895 creatura
1443 1854 1617 1897 mundi
1660 1867 1743 1909 per
1772 1867 1822 1895 ea

242 1931 369 1973 quae
408 1919 545 1960 facta
581 1924 702 1963 sunt
740 1919 1007 1962 intellecta
1054 1920 1462 1974 conspiciuntur,
1513 1921 1825 1975 sempiterna

242 1997 446 2039 quoque
484 1985 650 2027 uirtus
682 1985 788 2027 eius
820 1998 873 2027 ac
904 1985 1167 2036 diuinitas,
1204 1990 1258 2027 ut
1291 1986 1393 2028 sint
1434 1985 1823 2030 inexcusabiles,

245 2050 364 2104 quia
405 2056 769 2104 cognoscentes
803 2051 950 2093 deum
989 2063 1088 2095 non
1126 2056 1181 2093 ut
1215 2051 1361 2093 deum
1397 2051 1823 2104 glorificauerunt

244 2121 333 2157 aut
365 2116 554 2170 gratias
589 2122 813 2171 egerunt,
857 2117 941 2159 sed
974 2122 1301 2160 euanuerunt
1335 2117 1387 2161 in
1420 2117 1824 2169 cogitationibus

243 2182 360 2224 suis
390 2187 437 2224 et
463 2182 790 2225 obscuratum
819 2188 891 2225 est
918 2183 1168 2238 insipiens
1200 2197 1281 2225 cor
1306 2197 1496 2233 eorum3
1525 2184 1752 2226 dieentes
1779 2198 1826 2225 se

333 2349 355 2382 3
376 2348 469 2384 Hab.
492 2350 524 2390 2,
542 2350 562 2384 4
653 2350 675 2384 6
698 2350 753 2385 Ps.
775 2351 809 2392 3,
830 2350 853 2385 9
946 2351 988 2386 18
1013 2351 1116 2387 Rom.
1144 2353 1174 2392 1,
1200 2351 1334 2386 18-23

337 2464 350 2497 l
373 2461 409 2498 in
424 2473 451 2498 s,
466 2473 532 2498 ras.
548 2462 635 2498 „2312
727 2463 841 2498 salute
855 2464 969 2499 LmlS
975 2464 1034 2499 PG
1125 2463 1281 2499 credenti
1294 2466 1323 2510 (t
1339 2476 1380 2499 ez
1393 2464 1458 2508 (123
1552 2466 1572 2499 2
1589 2464 1691 2499 iudeo
1710 2466 1823 2499 I’Oml

243 2531 343 2566 greco
359 2522 517 2559 LSPOK
661 2524 683 2558 4
697 2521 809 2558 ueteri
818 2523 893 2558 Obd
1038 2525 1058 2559 7
1074 2523 1109 2558 in
1130 2524 1252 2570 quam]
1267 2523 1302 2559 in
1322 2535 1392 2570 qua
1408 2524 1459 2559 Pb
1597 2525 1638 2560 10
1651 2524 1706 2570 ea]
1722 2530 1755 2558 et
1773 2536 1793 2558 a
1809 2525 1826 2557 h

246 2580 288 2616 12
301 2590 338 2615 se
351 2581 459 2616 σημεῖ)
551 2592 596 2617 ex
612 2581 678 2618 hoc
691 2593 755 2617 om.
771 2583 855 2618 Lml
903 2582 1054 2619 articula
1070 2583 1103 2618 P
1193 2594 1251 2618 eos
1265 2596 1307 2618 ex
1319 2583 1392 2619 eius
1407 2584 1494 2619 Lm3
1580 2586 1622 2619 13
1635 2583 1826 2618 memorabi

243 2639 327 2675 Lml
386 2641 428 2676 15
445 2640 660 2678 disilirento
715 2641 883 2677 ficmenta
893 2642 923 2678 0
936 2643 1132 2678 fracmenta
1145 2643 1164 2677 b
1213 2644 1253 2679 16
1270 2643 1353 2678 fidei
1370 2643 1539 2690 pietatem
1555 2643 1573 2679 b
1638 2645 1678 2678 17
1693 2654 1785 2689 quta
1797 2643 1824 2678 S

240 2702 312 2745 qui
328 2699 360 2734 P
480 2701 523 2736 18
536 2700 778 2737 subinfornens
791 2702 824 2743 (r
837 2713 921 2737 eras.
937 2705 967 2737 el
981 2713 1002 2737 n
1017 2702 1082 2746 lin.
1098 2702 1262 2747 s.l‚m2)0
1373 2702 1491 2748 inquit
1504 2715 1568 2737 om.
1588 2703 1638 2737 Pb
1734 2703 1776 2738 19
1788 2708 1824 2737 et

245 2757 460 2795 iniustitiam
474 2771 538 2796 om.
551 2760 581 2796 0
734 2761 777 2797 20
791 2761 1004 2798 iniustitiam
1018 2761 1202 2798 hominum
1217 2763 1301 2798 Lml
1316 2762 1491 2806 iniustitia
1501 2762 1528 2798 S
1534 2762 1579 2796 Ρ(
1581 2765 1592 2794 ι’
1610 2761 1785 2797 iniustitia
1793 2762 1825 2802 d,

245 2818 288 2862 cl.
300 2828 334 2863 p.
349 2818 426 2861 172,
439 2819 461 2854 5
548 2819 698 2867 qui210t
710 2820 730 2855 b
815 2831 885 2867 quo
900 2822 1055 2862 LleS
1068 2822 1104 2867 (ο
1119 2832 1152 2857 s.
1169 2833 1254 2857 eras.
1271 2822 1296 2865 i)
1379 2823 1417 2857 21
1436 2821 1470 2856 in
1487 2833 1556 2856 om.
1568 2821 1586 2855 b
1681 2821 1824 2867 manif]

245 2877 420 2914 rouelauit
433 2877 453 2914 b
497 2878 542 2915 22
552 2878 646 2915 enim
660 2890 726 2915 ont.
740 2879 832 2916 Kml
881 2882 924 2916 23
939 2879 1120 2916 intellecta.
1133 2881 1185 2917 bis
1199 2882 1228 2917 L
1274 2883 1316 2916 24
1332 2891 1373 2916 ac
1386 2892 1429 2915 ex
1440 2881 1486 2916 ad
1500 2881 1526 2915 S
1573 2881 1616 2916 25
1627 2880 1683 2927 ut]
1695 2880 1786 2916 sicut
1796 2881 1826 2917 O

243 2937 287 2973 26
301 2941 366 2974 aut
379 2948 430 2984 gr.
447 2948 539 2985 eger.
552 2949 619 2975 ont.
630 2939 717 2976 Oml
821 2939 864 2976 27
880 2940 1094 2976 obecuratn-
1110 2940 1196 2976 Μ
