2028 3204
226 195 309 239 240
752 203 817 240 III.
851 204 903 240 De
934 207 1063 241 natura
1095 208 1130 240 et
1162 205 1276 251 gratia

226 331 434 386 quomodo
467 343 563 383 ergo
596 330 709 371 illam
743 343 816 384 pro
850 343 932 384 qua
964 329 1042 372 iste
1073 330 1253 372 multum
1285 329 1449 372 laborat
1481 329 1800 384 possibilitatem

226 402 363 451 negat,
391 395 461 450 qui
485 395 521 437 ei
544 395 627 437 iam
651 394 771 436 dieit:
817 395 968 450 ‘potest
993 408 1093 444 esse,
1119 395 1188 437 sed
1214 408 1286 450 per
1317 395 1382 437 dei
1404 394 1622 450 gratiam‘?
1657 409 1801 438 uerum

224 468 363 504 tamen
387 461 483 515 quia
504 460 583 502 isto
605 460 774 502 dimisso
796 460 866 515 qui
886 474 972 502 rem
992 461 1075 503 iam
1095 460 1320 502 confitetur
1338 460 1425 516 agit
1446 461 1583 503 adhue
1601 461 1800 503 aduersus

223 541 291 570 eos
322 526 392 581 qui
419 531 574 581 negant
603 539 689 567 esse
719 526 910 581 possibile
938 526 1148 568 hominem
1176 539 1262 568 esse
1289 526 1377 567 sine
1407 530 1589 581 peceato,
1621 526 1719 581 quid
1748 526 1800 568 ad

227 592 325 634 nos?
392 597 536 634 eontra
571 605 672 646 quos
705 591 798 633 uult
829 598 944 646 agat,
977 592 1077 633 dum
1110 597 1248 633 tamen
1283 591 1359 633 hoe
1393 591 1655 637 confiteatur.
1690 591 1800 646 quod

227 657 440 712 impietate
480 656 794 699 sceleratissima
834 662 1020 711 negatur.
1062 657 1150 698 sine
1188 657 1321 712 gratia
1361 657 1426 698 dei
1465 657 1675 699 hominem
1714 657 1800 698 sine

231 729 399 778 peceato
427 736 514 764 esse
541 736 622 763 non
652 736 783 777 posse.
836 722 938 764 dieit
967 735 1080 777 ergo:
1109 723 1196 764 siue
1225 735 1295 776 per
1323 722 1494 777 qratiam
1520 723 1609 764 siue
1636 735 1707 776 per
1733 721 1803 763 ad-

228 789 422 831 iutorium
454 788 542 830 siue
570 801 640 841 per
664 788 979 830 misericordiam
1010 792 1045 829 et
1073 787 1262 842 quicquid
1284 786 1387 830 illud
1411 792 1467 829 est
1495 800 1564 841 per
1586 787 1689 841 quod
1720 800 1801 830 esse

225 856 339 896 homo
365 854 510 908 absque
545 858 702 907 peceato
734 858 872 907 potest,
910 853 1120 906 confitetur
1156 853 1337 907 quisquis
1372 867 1453 895 ‘rem
1486 853 1618 907 ipsum
1644 853 1800 906 fatetur.

334 919 410 962 XI.
448 920 508 961 12.
544 918 696 961 Fateor
727 919 938 960 dilectioni
971 923 1145 968 uestrae,
1179 932 1274 960 eum
1307 918 1387 960 ista.
1420 919 1606 974 legerem,
1641 918 1801 960 laetitia

232 991 399 1040 repente
433 984 620 1039 perfusus
653 998 757 1029 sum.
793 985 902 1038 quod
935 984 1001 1026 dei
1031 984 1211 1039 gratiam
1243 998 1321 1025 non
1357 989 1538 1035 negaret.
1574 997 1644 1038 per
1677 996 1803 1037 quam

233 1052 363 1093 solam
383 1051 506 1092 homo
535 1050 749 1092 iustificari
780 1055 936 1104 p‹›test;
964 1050 1042 1091 hoe
1069 1049 1178 1091 enini
1204 1050 1245 1091 in
1272 1049 1625 1104 disputationibus
1654 1048 1801 1090 talium

227 1117 407 1158 maxime
439 1116 624 1158 detestor
656 1122 698 1157 et
729 1116 887 1157 horreo.
950 1116 1021 1157 sed
1054 1128 1223 1170 pergens
1258 1115 1387 1170 legere
1419 1120 1555 1157 cetera
1588 1114 1720 1169 primo
1752 1128 1803 1155 ex

227 1182 336 1224 datis
368 1181 710 1223 similitudinibus
741 1180 857 1235 eoepi
886 1180 1037 1222 habere
1068 1187 1318 1236 suspectum.
1377 1181 1437 1222 ait
1469 1181 1598 1222 enim:
1629 1192 1737 1221 ‘itum
1765 1180 1805 1221 sa·

226 1248 378 1290 ‹o'oeerros
401 1247 514 1288 homo
535 1247 741 1300 deputare
763 1250 897 1299 potest,
922 1246 1014 1288 auis
1035 1246 1182 1296 uolare,
1207 1246 1319 1299 lepus
1341 1259 1505 1292 currere,
1530 1250 1563 1286 et
1583 1258 1666 1287 ‘non
1686 1246 1804 1287 etiam

227 1326 296 1366 per
327 1327 427 1366 quae
458 1312 551 1354 haee
584 1312 695 1365 effici
726 1314 880 1365 possint
913 1325 1279 1361 commemorauero,
1314 1311 1357 1352 id
1389 1315 1443 1353 est
1476 1310 1667 1364 linquam.
1703 1310 1800 1362 alas,

229 1379 356 1431 pedes.
379 1392 475 1419 num
499 1391 564 1431 eqo
585 1378 812 1431 officiorum
833 1378 1041 1431 qualitates
1059 1377 1218 1431 nequae,
1241 1377 1311 1430 qui
1332 1376 1471 1429 officia
1490 1376 1583 1429 ipsa.
1603 1375 1803 1428 eon-sessus

226 1443 341 1485 sum?
370 1444 535 1485 uidetur
561 1450 672 1485 certe
699 1443 800 1485 haee
828 1456 922 1485 eum
949 1456 1305 1491 commemorasse,
1335 1455 1440 1496 quae
1466 1448 1615 1484 natura
1642 1442 1802 1491 ualent3

228 1515 365 1551 ereata
400 1515 497 1550 sunt
532 1509 642 1550 enim
676 1509 777 1551 haee
812 1509 998 1551 membra
1033 1508 1268 1551 huiusmodi
1305 1507 1477 1551 naturis.
1513 1507 1666 1561 lingua,
1700 1507 1802 1556 alae,

228 1576 363 1629 pedes.
395 1589 476 1616 non
507 1574 590 1616 tale
618 1574 777 1628 aliquid
809 1574 960 1628 posuit,
995 1575 1115 1629 quale
1143 1574 1193 1615 de
1222 1573 1356 1629 gratia
1386 1572 1568 1628 intellegi
1598 1573 1802 1622 uolumus,

227 1641 314 1682 sine
336 1653 417 1694 qua
436 1640 560 1681 homo
581 1653 664 1681 non
685 1638 951 1689 iustificatur,
972 1639 1044 1681 ubi
1062 1640 1114 1681 de
1133 1638 1343 1688 sanandis,
1364 1651 1446 1680 non
1466 1638 1515 1680 de
1537 1636 1803 1679 instituendis

227 1705 387 1748 naturis
415 1705 564 1760 agitur.
619 1705 715 1747 hine
743 1705 827 1746 iam
854 1716 949 1759 ergo
978 1704 1175 1747 sollicitus
1204 1703 1320 1758 coepi
1347 1704 1476 1758 legere
1505 1708 1641 1745 cetera
1669 1708 1710 1744 et
1740 1715 1803 1743 me

229 1785 309 1813 non
341 1770 445 1813 falso
475 1770 656 1825 comperi
685 1770 955 1824 suspicatum.

336 1835 435 1878 XII.
474 1836 535 1878 13.
580 1835 669 1885 Quo
704 1836 948 1890 priusquam
981 1835 1163 1884 ueniam,
1199 1834 1338 1876 uidete
1376 1833 1475 1888 quid
1509 1833 1674 1875 dixerit.
1711 1846 1804 1874 cuin

230 1907 431 1944 traetaret
464 1901 751 1955 quaestionem
779 1901 830 1942 de
860 1900 1098 1943 differentia
1130 1905 1395 1955 peecatorum
1426 1903 1469 1940 et
1500 1898 1679 1940 obiceret
1709 1897 1801 1948 sibi,

230 1967 339 2022 quod
379 1967 549 2021 quidam
585 1966 730 2008 dieunt
779 1966 886 2009 leuia,
935 1966 1139 2021 quaedam
1177 1969 1347 2020 peecata
1396 1964 1485 2019 ipsa
1522 1963 1803 2013 multitudine,

230 2033 338 2087 quod
378 2046 498 2087 saepe
534 2032 717 2082 inruant,
756 2046 838 2074 non
878 2045 997 2086 posse
1042 2036 1193 2073 cuneta
1239 2030 1376 2075 uitari,
1425 2029 1593 2084 negauit
1645 2028 1804 2071 ‘debere

227 2097 343 2152 argui
374 2112 424 2139 ne
456 2097 562 2139 leuia
596 2098 762 2152 quidem
786 2097 1050 2146 correctione,
1083 2096 1115 2138 si
1147 2095 1271 2138 uitari
1303 2095 1470 2137 omnino
1495 2108 1576 2136 non
1601 2093 1800 2149 possunt‘,

321 2228 351 2262 7.
369 2228 420 2263 14.
441 2228 481 2262 27
499 2227 658 2273 Pelagius

321 2330 342 2363 2
358 2327 419 2373 qui
434 2327 542 2362 etiam
560 2327 620 2362 eib
698 2328 767 2363 diei
778 2328 807 2363 V
881 2338 954 2362 esse
969 2339 1032 2362 om.
1044 2327 1131 2363 le
1210 2330 1441 2362 ueruntamen
1455 2326 1486 2360 V
1577 2327 1599 2361 3
1613 2325 1665 2360 ait
1680 2325 1801 2360 l'mlE

230 2390 251 2422 4
267 2398 319 2432 pr.
340 2387 429 2433 esse]
447 2391 520 2422 este
536 2387 677 2427 R,om.C
810 2389 829 2422 7
846 2398 916 2422 non
937 2387 1057 2422 eras.V
1180 2388 1201 2422 8
1218 2385 1391 2432 quidquid
1406 2384 1558 2420 PBEm]
1692 2385 1714 2420 9
1730 2386 1804 2429 post

226 2447 362 2492 absque
379 2456 455 2491 exp.
472 2446 547 2481 sine
562 2446 592 2480 Β
631 2447 764 2493 potest]
780 2449 904 2492 peccat
915 2447 937 2480 d
985 2447 1022 2482 11
1042 2449 1224 2492 repetente
1242 2446 1272 2480 B
1310 2445 1472 2492 perfusus
1484 2446 1540 2489 (us
1554 2443 1618 2488 lin.
1634 2443 1759 2489 s.1.m2)
1770 2443 1803 2478 D

233 2508 274 2542 13
289 2505 443 2541 maxime
457 2506 613 2542 om.VmI
699 2517 797 2541 orreo
810 2506 1004 2542 LmrreoE
1082 2505 1196 2551 primo
1211 2516 1253 2540 ea:
1267 2515 1388 2551 promo
1402 2504 1435 2539 R
1534 2505 1575 2539 14
1591 2503 1699 2549 nune]
1714 2513 1800 2538 num

233 2565 473 2601 Dm2ROEm1
494 2576 577 2601 nam
593 2566 615 2600 d
691 2565 721 2599 si
737 2562 971 2601 lemZle
1035 2566 1078 2601 15
1090 2565 1193 2611 lupus
1208 2564 1275 2600 RB
1334 2566 1375 2600 16
1392 2566 1542 2610 possunt
1555 2562 1798 2598 VBEbdom.

233 2619 352 2671 lingua
366 2626 475 2661 malas
486 2626 517 2660 L
620 2626 661 2660 18
678 2627 723 2668 et]
735 2625 765 2659 V
868 2628 997 2659 natura
1010 2624 1133 2660 ualent
1147 2625 1203 2668 (ra
1215 2626 1245 2659 et
1258 2635 1281 2659 u
1295 2624 1364 2667 ελ.)
1376 2623 1409 2658 D
1518 2622 1562 2658 20
1573 2622 1758 2657 uolumus
1768 2621 1802 2656 R

229 2686 273 2720 22
285 2695 350 2730 ego
359 2685 456 2721 Oros.
503 2684 545 2721 25
559 2684 604 2719 de
618 2684 758 2719 s.l.Lm2
823 2688 857 2718 et
875 2683 1027 2719 obiceret
1041 2683 1110 2719 sibi
1125 2683 1221 2730 quod
1236 2682 1411 2729 quaedam
1426 2692 1531 2728 saepe
1547 2681 1692 2717 inruant
1704 2681 1797 2717 oros.

236 2744 280 2779 26
296 2743 436 2790 quaeda
449 2744 596 2779 s.l.Vm2
733 2745 774 2779 28
791 2742 859 2779 leui
878 2742 952 2778 Bbd
966 2742 1089 2778 leui-C
1220 2741 1326 2788 quide
1338 2743 1391 2786 (m
1404 2741 1457 2778 ελ.
1468 2741 1526 2777 m2
1535 2750 1666 2786 semper
1674 2741 1755 2785 lere)
1769 2739 1803 2774 D

231 2803 453 2850 correptione
462 2803 484 2838 d
491 2804 586 2839 Oros.

1831 930 1870 958 10

1833 1256 1870 1285 15

1829 1583 1873 1612 20

1830 1909 1872 1938 25»
