2028 3204
252 271 330 313 370
688 281 746 315 IV.
781 281 833 316 De
866 283 992 316 natura
1023 284 1059 316 et
1090 281 1221 327 origine
1252 280 1391 316 animae

252 420 337 449 esse
357 407 609 453 dubitemus
631 406 822 461 quamuis
842 419 923 448 non
943 405 1156 461 legamus?
1192 406 1436 448 Dinocrates
1455 410 1595 448 autem
1614 406 1823 461 septennis

253 486 368 528 puer,
399 473 439 513 in
471 472 622 527 quibus
651 471 769 513 annis
798 471 913 526 pueri
942 485 1035 513 enm
1064 471 1334 526 baptizantur
1361 471 1444 514 iam
1472 471 1706 526 symbolum
1736 471 1824 513 red-

253 539 360 580 dunt
390 543 430 579 et
461 550 534 592 pro
564 551 605 578 se
635 537 711 591 ipsi
741 537 793 578 ad
822 536 1077 591 interrogata
1105 537 1368 591 respondent,
1398 549 1470 579 eur
1498 550 1579 578 non
1608 536 1684 578 tibi
1713 536 1824 578 uisus

255 603 379 645 fuerit
417 602 658 657 baptizatus
693 602 876 656 potuisse
908 601 961 644 ab
992 602 1119 657 impio
1143 607 1260 656 patre
1291 602 1343 644 ad
1373 601 1589 656 gentilium
1617 601 1825 654 sacrilegia

255 668 440 710 reuocari
461 673 502 709 et
523 667 575 709 ob
595 668 672 709 hoe
692 667 815 709 fuisse
835 667 876 709 in
896 667 1050 722 poenis,
1071 668 1122 709 de
1142 667 1291 722 quibus
1311 680 1447 709 sorore
1466 672 1609 709 orante
1628 666 1824 709 liberatus

254 740 329 784 est,
358 733 506 775 nescir).
543 746 675 787 neque
700 733 809 774 enim
833 738 874 774 et
898 733 1033 787 ipsum
1060 733 1124 774 uel
1148 746 1376 787 numquam
1402 731 1525 774 fuisse
1549 732 1825 775 Christianum

256 799 320 841 uel
345 799 689 841 catechumenum
715 798 957 840 defunctum
983 798 1107 840 fuisse
1131 798 1275 852 legisti,
1316 811 1571 852 quamquam
1594 797 1684 852 ipsa
1707 797 1826 839 lectio

255 879 336 906 non
355 865 409 906 sit
428 864 469 905 in
488 878 534 905 eo
557 877 712 905 canone
742 864 1052 918 seripturarum,
1072 864 1181 905 unde
1199 863 1239 904 in
1259 862 1496 905 huiusmodi
1515 862 1825 917 quaestionibus

254 930 498 971 testimonia
526 929 771 984 proferenda
800 933 909 970 sunt.

362 995 414 1036 X.
443 996 502 1037 13.
532 994 623 1036 Noli
648 994 809 1035 eredere
834 1008 907 1035 nee
930 994 1063 1035 dicere
1088 1007 1160 1035 nec
1184 994 1328 1035 docere
1354 993 1470 1048 ‘quos
1493 993 1684 1035 dominus
1707 1005 1823 1047 prae·

256 1060 483 1102 destinauit
511 1061 561 1102 ad
591 1060 859 1114 baptismum,
887 1059 1254 1114 praedestinationi
1281 1059 1365 1100 eius
1392 1059 1493 1113 eripi
1520 1071 1636 1113 posse
1663 1064 1703 1099 et
1731 1063 1827 1100 ante

256 1126 425 1180 defungi
462 1139 588 1180 quam
626 1125 666 1166 in
705 1125 760 1166 eis
797 1124 921 1166 fuerit
958 1125 1069 1179 quod
1108 1124 1368 1179 omnipotens
1406 1123 1731 1178 praedestinauit
1768 1123 1827 1164 in·

257 1191 444 1246 pletum‘,
469 1191 502 1232 si
524 1190 586 1232 uis
609 1203 694 1231 esse
717 1190 956 1231 catholicus,
996 1190 1130 1231 neseio
1154 1203 1237 1244 qua
1259 1189 1323 1230 hie
1346 1189 1454 1230 enim
1476 1194 1662 1243 potestas
1684 1193 1827 1230 eontra

258 1261 512 1311 potestatem
544 1255 609 1297 dei
641 1255 802 1297 casibus
833 1256 970 1306 datur,
1004 1255 1153 1309 quibus
1185 1254 1443 1296 inruentibus
1475 1254 1584 1308 quod
1617 1253 1682 1295 ille
1713 1266 1828 1308 prae-

258 1322 485 1363 destinauit
518 1321 605 1362 fieri
638 1334 719 1362 non
751 1321 921 1363 sinatur.
970 1320 1035 1361 hio
1067 1333 1177 1361 error
1207 1325 1366 1374 quanta
1397 1324 1601 1361 errantem
1633 1318 1826 1373 uoragine

254 1386 469 1442 inpietatis
489 1385 711 1428 absorbeat
730 1398 979 1441 exaggerare
996 1399 1079 1427 non
1097 1397 1200 1439 opus
1218 1389 1292 1434 est,
1311 1398 1402 1426 eum
1424 1383 1671 1439 prudentem
1689 1382 1825 1425 uirum

258 1458 298 1494 et
329 1452 474 1504 corrigi
501 1458 694 1506 paratum
724 1451 905 1494 breuiter
927 1451 1204 1493 ammonuisse
1227 1450 1422 1492 sufficiat.
1456 1455 1531 1491 tua
1563 1449 1716 1504 quippe
1748 1449 1827 1490 ista

257 1525 354 1560 sunt
390 1518 535 1559 uerba:
580 1517 798 1559 hahendam
831 1517 1014 1563 dicimus,
1050 1516 1198 1571 inquiS‚
1234 1516 1280 1557 de
1312 1515 1537 1567 infantibus
1571 1515 1689 1556 istius
1722 1513 1830 1555 modi

257 1584 463 1629 rationem,
487 1583 558 1636 qm?
578 1582 863 1635 praedestinati
884 1582 1080 1635 baptismo
1102 1582 1210 1622 uitae
1230 1584 1461 1634 praesentes,
1486 1584 1695 1633 antequam
1716 1592 1828 1620 rema-

258 1653 419 1690 sccmtur
442 1649 484 1689 m
505 1648 673 1694 Christo,
695 1649 1012 1701 praeuem‘untur
1032 1646 1202 1688 occiduo.
1241 1659 1388 1698 ergone
1408 1644 1706 1700 praedestinati
1726 1644 1826 1699 bap-

258 1714 382 1756 tismo
404 1714 514 1755 uitae
534 1713 774 1767 praesentis,
796 1717 1022 1767 antequam
1041 1712 1093 1753 ad
1113 1725 1206 1753 eum
1226 1711 1485 1766 perueniant,
1505 1709 1830 1765 praeueniuntur

261 1779 430 1821 occiduo
457 1785 498 1820 et
523 1778 850 1833 praedestinaret
876 1778 976 1819 deus
1002 1777 1113 1832 quod
1139 1776 1326 1818 futurum
1354 1789 1433 1817 non
1460 1775 1584 1817 fuisse
1608 1774 1827 1829 praeseiuit

260 1850 333 1887 aut
367 1844 444 1886 hoo
478 1844 665 1886 futurum
700 1857 782 1885 non
816 1843 939 1885 fuisse
974 1842 1159 1892 nesciuit,
1196 1847 1242 1883 ut
1277 1841 1362 1883 eius
1395 1845 1470 1883 aut
1503 1839 1827 1895 praedestinatio

264 1911 533 1952 frustraretur
569 1915 642 1951 aut
677 1908 950 1963 praescientia
986 1906 1226 1949 falleretur?
1278 1906 1392 1948 uides
1430 1910 1589 1960 quanta
1622 1905 1716 1946 hine
1752 1904 1831 1945 diei

262 1980 443 2030 possent,
482 1975 559 2016 nisi
593 1975 703 2029 qnod
736 1973 860 2028 paulo
893 1977 990 2015 ante
1027 1972 1113 2014 dixi
1144 1977 1340 2022 tenerem,
1375 1976 1421 2013 ut
1453 1971 1548 2012 hine
1579 1975 1621 2012 te
1653 1969 1832 2012 breuiter

262 2054 554 2082 ammonerem.

373 2108 432 2148 14.
457 2106 551 2147 Noli
573 2106 736 2147 eredere
758 2118 832 2146 nee
854 2104 987 2145 dieere
1010 2116 1083 2145 neo
1105 2103 1250 2144 docere
1273 2102 1337 2144 ‘de
1358 2100 1602 2151 infantibus,
1615 2100 1686 2155 qui
1702 2099 1831 2154 prius-

267 2185 394 2227 quam
414 2176 686 2213 renascantur
704 2170 745 2211 in
767 2170 941 2220 Christo,
963 2168 1288 2223 praeueniuntur
1307 2167 1489 2217 occiduo,
1509 2166 1709 2221 scriptum
1729 2177 1832 2207 esse:

357 2272 409 2306 10.
430 2272 470 2305 18
490 2271 587 2306 Vinc.
606 2269 738 2311 Victor;
757 2269 801 2304 ef.
819 2278 897 2315 pag.
917 2269 993 2309 347,
1013 2270 1032 2303 7
1109 2269 1148 2303 27
1166 2267 1265 2302 Vino.
1284 2266 1417 2308 Victor;
1436 2266 1478 2301 cf.
1495 2276 1572 2311 pag.
1592 2265 1667 2307 347,
1686 2265 1707 2300 9

357 2350 373 2384 1
389 2348 584 2384 dinocratis
596 2347 662 2382 ΕΗ
740 2346 895 2393 septenis
906 2345 969 2380 AC
1051 2346 1072 2380 5
1088 2345 1276 2380 iii—fuisse
1291 2343 1393 2380 om.H
1468 2345 1487 2379 7
1505 2341 1783 2378 eatichuminum
1798 2342 1830 2376 A

265 2409 400 2444 catech.
417 2407 448 2443 B
469 2406 594 2443 eathio.
608 2406 637 2442 G
658 2407 790 2442 cat-hec.
806 2406 838 2441 D
858 2405 959 2442 catio.
974 2405 1025 2440 ΕΙ
1047 2408 1154 2440 caten.
1166 2404 1224 2439 Hb
1282 2402 1488 2439 defunctum
1502 2401 1600 2438 om.T
1661 2400 1834 2447 legistisA

267 2468 288 2503 8
303 2466 521 2503 eiusmodiH
569 2467 610 2502 10
626 2465 700 2501 noli
714 2465 826 2501 dicere
843 2465 917 2500 noli
929 2465 1052 2500 doce-re
1066 2465 1096 2499 T
1142 2454 1191 2510 qd
1204 2463 1232 2499 Ο
1286 2461 1563 2509 praedistinauit
1575 2460 1640 2496 GH
1696 2461 1736 2496 11
1754 2470 1832 2506 pre·

263 2527 502 2563 destinatione
514 2527 579 2561 ΑΕ
618 2524 930 2572 praedistinationi
939 2522 1005 2559 CH
1045 2525 1088 2559 12
1098 2523 1318 2569 omnipotens
1328 2522 1413 2557 deus
1422 2521 1454 2557 E
1485 2519 1757 2568 praedistinauit
1767 2518 1831 2555 CH

267 2588 310 2623 13
318 2587 436 2622 nescio
446 2586 541 2621 enim
556 2596 646 2631 quae
657 2586 679 2620 d
718 2594 808 2630 quae
821 2584 879 2619 hic
888 2584 983 2619 enim
993 2583 1050 2618 HI
1056 2583 1085 2618 Ί
1087 2583 1106 2619 b
1147 2584 1188 2619 14
1201 2580 1473 2629 praaedistinauit
1482 2580 1548 2617 C'H
1589 2580 1631 2616 15
1640 2590 1723 2615 nam
1732 2578 1790 2614 hic
1798 2578 1832 2613 D

269 2647 367 2692 (nam
383 2656 410 2681 s.
423 2646 443 2681 l.
450 2646 462 2690 )
509 2642 716 2691 uoragineC
763 2643 803 2679 16
816 2643 1005 2679 obsorbeat
1018 2642 1050 2677 B
1111 2643 1153 2678 17
1168 2640 1320 2677 sufficiet
1333 2642 1366 2676 A
1427 2640 1468 2675 18
1478 2638 1686 2675 habendaH
1730 2637 1831 2674 istius

269 2705 546 2742 moderationem
568 2703 664 2739 ABG
772 2702 816 2739 19
832 2701 1019 2748 antiquam
1037 2701 1066 2737 Ο
1186 2700 1229 2736 20
1242 2699 1434 2747 pdistinati
1448 2699 1477 2735 C
1591 2698 1632 2734 21
1650 2696 1783 2744 prentis
1800 2698 1832 2732 A

270 2766 314 2801 22
329 2765 378 2812 et]
391 2765 445 2800 *E
458 2768 500 2800 ut
511 2764 544 2799 D
560 2764 598 2810 (u
613 2774 655 2799 ez
666 2763 700 2809 e)
722 2766 787 2799 aut
799 2762 851 2798 IT
897 2760 1176 2808 praedestinauit
1186 2760 1218 2796 E
1280 2757 1432 2796 nesciuit
1442 2758 1476 2794 D
1493 2756 1640 2794 soiuitT
1704 2756 1748 2792 23
1760 2766 1832 2792 non

271 2825 432 2860 futurum
452 2834 523 2859 non
535 2822 567 2858 B
628 2833 698 2858 non
715 2833 776 2858 om.
783 2822 833 2858 Tb
899 2821 1023 2857 fuisset
1034 2820 1066 2855 Ε
1126 2819 1181 2866 ut]
1195 2822 1260 2855 aut
1273 2818 1302 2854 0
1361 2816 1571 2864 pdistinatio
1582 2816 1612 2853 0
1679 2816 1723 2852 25
1735 2818 1834 2852 ante·

269 2883 399 2920 dixisse
413 2884 444 2919 B
507 2884 548 2919 27
563 2882 606 2918 de
622 2893 684 2918 om.
689 2882 718 2918 C

1852 1003 1893 1032 10

1856 1328 1895 1357 15

1854 1655 1896 1683 2⁰

1858 1980 1899 2009 25
