2028 3204
276 158 355 200 360
713 168 772 203 IV.
805 167 858 203 De
891 171 1019 203 natura
1049 170 1086 203 et
1115 166 1246 214 origine
1277 165 1414 203 animae

384 294 437 336 ΙΙ.
458 296 494 336 2.
516 294 633 336 Prius
652 307 718 335 me
736 294 776 335 in
796 293 909 335 libris
926 293 1009 336 tuis
1027 292 1175 335 titulus
1193 292 1256 335 tui
1273 292 1451 334 nominis
1468 305 1542 347 pro
1560 297 1603 335 te
1619 292 1842 336 sollicitum

274 360 467 401 reddidit.
520 373 613 401 cum
650 359 758 401 enim
795 358 886 413 quis
921 363 1027 401 esset
1063 357 1304 400 Vincentius
1339 357 1482 399 Victor
1516 357 1568 400 ab
1604 358 1660 400 eis
1695 358 1766 413 qui
1799 363 1843 401 te

273 430 477 466 nouerant
503 430 543 466 et
568 424 675 466 forte
699 424 873 466 aderant
896 423 1170 479 requisissem,
1196 422 1337 466 audiui
1360 428 1403 464 te
1426 422 1551 465 fuisse
1575 423 1842 466 Donatistam

275 490 338 532 uel
367 490 506 544 potius
536 489 812 543 Rogatistam,
842 502 972 544 nuper
998 494 1139 531 autem
1167 488 1491 530 communicasse
1519 488 1757 531 catholicae.
1802 494 1844 531 et

275 569 367 597 eum
388 555 609 610 gauderem
630 560 812 605 tantum,
835 559 1039 609 quantum
1061 554 1111 596 de
1131 553 1193 595 his
1213 552 1404 604 solemus,
1426 566 1529 608 quos
1549 553 1602 596 ab
1622 553 1689 595 illo
1710 566 1842 596 errore

274 621 469 663 liberatos
495 633 580 662 esse
606 620 902 675 cognoscimus,
928 620 1056 661 immo
1083 632 1178 661 uero
1205 619 1331 660 etiam
1356 618 1490 660 multo
1516 618 1705 674 amplius,
1733 619 1843 674 quod

273 686 483 741 ingenium
504 691 639 736 tuum,
661 699 743 740 quo
764 684 1002 727 delectabar
1020 685 1062 726 in
1082 684 1231 726 litteris
1251 683 1347 735 tuis,
1369 683 1562 726 uidebam
1583 697 1664 726 non
1685 697 1845 726 reman-

274 752 373 793 sisse
402 751 513 806 apud
543 751 799 793 aduersarios
828 750 1028 801 ueritatis,
1058 749 1249 792 additum
1279 754 1340 791 est
1369 763 1394 791 a
1420 748 1703 799 referentibus,
1734 749 1844 804 quod

274 830 340 858 me
364 817 472 859 inter
493 816 563 858 illa
585 816 738 870 gaudia
761 816 1039 865 contristaret,
1064 815 1155 857 ideo
1179 820 1221 856 te
1245 814 1525 869 cognominari
1549 814 1725 856 uoluisse
1749 814 1845 856 Vin-

275 882 470 933 centium,
497 882 608 936 quod
636 881 787 935 Rogati
811 893 1099 930 successorem,
1126 880 1196 935 qui
1220 880 1297 922 hoc
1323 879 1487 922 nomine
1512 879 1743 934 appellatus
1768 885 1842 930 est,

275 948 410 989 adhuc
440 952 659 1002 tamquam
689 960 887 999 magnum
919 951 959 987 et
990 951 1181 988 sanctum
1212 945 1347 987 uirum
1379 945 1516 987 animo
1546 950 1688 987 teneas
1718 950 1760 986 et
1790 944 1842 987 ob

274 1013 351 1055 hoc
377 1013 484 1055 illius
510 1026 659 1054 nomen
685 1017 805 1054 tuum
834 1010 1009 1053 uolueris
1035 1024 1120 1053 esse
1146 1024 1386 1065 cognomen.
1428 1023 1502 1052 nec
1528 1010 1748 1052 defuerunt
1774 1010 1845 1064 qui

275 1079 457 1120 dicerent
484 1078 609 1120 etiam
636 1077 713 1119 hoc
739 1091 763 1118 a
788 1082 830 1118 te
856 1076 979 1118 fuisse
1004 1076 1221 1126 iactatum,
1249 1076 1360 1130 quod
1387 1075 1472 1129 ipse
1498 1075 1575 1117 tibi
1601 1075 1735 1117 nescio
1762 1088 1845 1129 qua

278 1144 432 1185 uisionc
451 1143 688 1198 apparuerit
708 1148 834 1197 atque
853 1142 905 1183 ad
924 1141 998 1183 hos
1017 1141 1292 1183 conficiendos
1311 1140 1449 1191 libros,
1468 1141 1519 1182 de
1538 1140 1687 1195 quibus
1705 1145 1843 1182 tecum

275 1222 393 1263 agere
410 1209 489 1250 isto
508 1213 647 1250 nostro
667 1206 862 1262 opusculo
881 1206 1055 1257 institui,
1074 1207 1131 1248 sic
1150 1206 1368 1256 adiuuerit,
1389 1210 1435 1247 ut
1454 1219 1502 1248 ea
1518 1205 1596 1247 tibi
1612 1205 1840 1256 scribenda,

276 1280 481 1329 quantum
511 1274 563 1315 ad
594 1287 656 1315 res
684 1274 795 1328 ipsas
824 1272 1086 1326 rationesque
1115 1271 1289 1321 adtinet,
1319 1271 1406 1326 ipse
1435 1271 1623 1313 dictaret.
1671 1270 1781 1325 quod
1810 1270 1844 1312 si

277 1353 420 1381 uerum
445 1345 519 1390 est,
546 1339 627 1381 iam
651 1343 694 1380 te
716 1338 787 1380 illa
809 1337 942 1379 dicere
964 1337 1148 1392 potuisse
1172 1350 1253 1378 non
1277 1337 1414 1387 miror,
1440 1349 1558 1390 quae,
1583 1336 1616 1378 si
1639 1336 1846 1390 patienter

276 1405 481 1447 auscultes
501 1403 790 1446 ammonitioni
807 1416 924 1445 meae
943 1407 985 1444 et
1005 1415 1072 1447 eos
1091 1401 1215 1444 libros
1235 1401 1439 1444 catholica
1457 1406 1597 1443 mente
1616 1401 1845 1443 consideres

276 1476 402 1525 atque
423 1474 662 1524 pertractes,
686 1474 727 1510 te
749 1468 899 1510 dixisse
920 1467 1063 1522 procul
1083 1467 1209 1510 dubio
1231 1466 1473 1522 paenitebit'.
1512 1466 1577 1508 ille
1599 1467 1752 1521 quippe
1774 1466 1843 1520 qui

275 1549 338 1586 sc,
366 1536 472 1577 sicut
508 1549 599 1577 eum
644 1534 781 1589 prodit
827 1533 1051 1587 apostolus,
1093 1532 1459 1587 transfigurat
1502 1530 1552 1573 in
1598 1530 1844 1585 angelum

276 1599 424 1651 lucis,
451 1601 491 1641 in
524 1614 616 1642 eum
639 1599 715 1641 tibi
737 1598 1057 1652 transfiguratus
1079 1603 1153 1648 est,
1187 1611 1308 1652 quem
1330 1603 1377 1639 tu
1399 1597 1522 1639 fuisse
1544 1596 1609 1639 uel
1630 1610 1715 1638 esse
1735 1601 1842 1638 tam-

276 1679 402 1721 quam
419 1665 519 1707 lucis
536 1664 726 1719 angelum
743 1664 884 1705 credis.
919 1668 959 1705 et
976 1677 1021 1705 eo
1040 1663 1206 1717 quidem
1222 1663 1344 1705 modo
1362 1663 1497 1703 minus
1513 1662 1566 1704 ad
1582 1661 1844 1716 decipiendos

276 1731 501 1773 catholicos
530 1730 654 1780 ualet,
687 1729 853 1784 quando
883 1741 925 1770 se
954 1742 1036 1770 non
1065 1728 1107 1770 in
1137 1728 1237 1770 lucis
1267 1727 1444 1783 angelos,
1475 1727 1545 1768 sed
1575 1727 1616 1768 in
1646 1726 1846 1768 hereticos

276 1796 566 1851 transfigurat3
596 1795 668 1837 sed
697 1799 739 1836 te
769 1794 821 1836 ab
851 1807 897 1836 eo
926 1793 1013 1835 falli
1042 1793 1125 1835 iam
1154 1793 1404 1835 catholicum
1434 1792 1596 1834 nollem.
1643 1792 1846 1834 crucietur

277 1875 370 1916 ergo
389 1867 431 1903 te
450 1861 639 1903 didicisse
658 1873 763 1915 quae
783 1872 880 1901 uera
897 1864 1014 1901 sunt:
1028 1864 1185 1913 quanto
1205 1858 1335 1913 magis
1354 1858 1534 1900 laetatus
1550 1857 1686 1900 fuerat
1704 1870 1747 1899 se
1764 1856 1842 1898 tibi

276 1926 522 1982 persuasisse
538 1939 644 1981 quae
658 1925 762 1967 falsa
775 1923 895 1967 sunt!
915 1928 962 1966 ut
977 1929 1117 1966 autem
1135 1937 1218 1966 non
1233 1923 1380 1978 diligas
1393 1923 1602 1965 hominem
1617 1927 1842 1972 mortuum,

277 1992 391 2034 cuius
415 1991 579 2033 dilectio
604 1990 682 2032 tibi
706 1990 846 2032 obesse
869 1994 1020 2044 potest,
1041 1990 1236 2043 prodesse
1259 1988 1316 2030 illi
1339 2001 1421 2030 non
1445 1992 1596 2043 potest,
1621 1987 1698 2029 hoc
1721 1986 1845 2029 breuc

276 2057 474 2099 intuearis
496 2069 727 2106 ammoneo,
751 2055 862 2110 quod
883 2055 1028 2109 utique
1049 2054 1116 2096 ille
1137 2068 1218 2096 non
1241 2059 1302 2096 est
1323 2058 1492 2096 sanctus
1513 2058 1554 2095 et
1575 2053 1721 2102 iustus,
1743 2051 1777 2094 si
1798 2056 1843 2093 tu

366 2158 409 2192 20
433 2156 469 2191 11
492 2157 568 2192 Cor.
594 2157 710 2199 11,14

369 2236 391 2270 3
406 2233 456 2280 et]
474 2234 530 2269 uel
549 2232 631 2269 BCI
739 2233 912 2268 adherant
924 2232 956 2267 A
1071 2231 1227 2277 requiese
1244 2231 1276 2265 A
1392 2232 1412 2266 4
1430 2229 1597 2265 aeclesiae
1614 2227 1807 2265 catholicae
1821 2228 1841 2262 1

278 2295 299 2330 5
314 2294 503 2340 gauderem
516 2293 553 2328 H
571 2294 610 2339 (u
622 2293 699 2328 add.
717 2294 786 2334 ml,
804 2291 848 2327 de
863 2291 934 2337 m2)
991 2291 1159 2326 liberatos
1177 2301 1250 2326 esse
1267 2290 1312 2325 ab
1329 2289 1390 2325 illo
1405 2299 1519 2325 errore
1531 2288 1551 2323 1
1607 2289 1626 2324 7
1642 2286 1738 2334 quod
1749 2287 1816 2322 ΕΗ
1821 2287 1843 2322 d

280 2352 526 2389 delectabasH
593 2352 663 2388 tuis
679 2352 718 2387 in
734 2363 799 2398 my.
811 2352 888 2387 add.
901 2351 932 2386 E
994 2361 1061 2385 non
1079 2361 1142 2386 om.
1154 2350 1190 2385 H
1261 2351 1282 2386 8
1300 2359 1370 2395 quo
1382 2349 1404 2384 d
1479 2349 1501 2384 9
1516 2347 1763 2394 cognominare
1773 2345 1839 2381 CH

279 2414 322 2449 10
337 2412 469 2459 rogasti
482 2412 580 2448 ABG
602 2411 740 2458 rogasti
750 2412 781 2446 Ε
887 2409 1085 2457 abpelletus
1097 2411 1129 2444 A
1238 2410 1280 2445 13
1300 2419 1322 2444 a
1336 2409 1438 2444 om.A
1561 2408 1603 2442 14
1618 2410 1728 2453 atque
1741 2405 1841 2442 om.E

282 2473 324 2508 15
339 2473 509 2518 opusculo
523 2473 555 2507 A
642 2471 672 2506 si
691 2470 771 2505 Bcb
787 2470 814 2505 si
829 2471 917 2506 aeus
927 2470 948 2505 1
1036 2469 1214 2504 adiuuerit
1229 2459 1295 2504 dffs
1310 2469 1328 2504 b
1405 2470 1448 2503 ut
1458 2467 1560 2503 omo
1634 2469 1678 2502 ut
1694 2476 1754 2502 ωε
1772 2465 1839 2501 tibi

280 2531 482 2568 scribendos
499 2532 529 2567 T
606 2531 648 2567 16
663 2529 848 2566 attenetH
924 2530 966 2565 17
981 2527 1203 2575 sapienterH
1280 2528 1323 2564 18
1341 2526 1522 2563 auscultas
1535 2525 1621 2562 Bm]
1703 2525 1744 2560 21
1763 2534 1807 2560 eo
1820 2524 1839 2559 b

281 2595 335 2627 est
348 2590 508 2636 transfig.
525 2590 568 2626 bd
622 2590 665 2625 22
680 2588 845 2636 angelum
858 2588 947 2624 lucis
959 2589 990 2624 E
1049 2589 1093 2624 23
1107 2589 1168 2624 alt.
1181 2587 1219 2623 in
1235 2587 1332 2623 om.C
1378 2585 1571 2622 haereticos
1585 2586 1618 2620 A
1664 2585 1707 2620 24
1719 2584 1766 2619 ab
1780 2582 1840 2630 eo]

280 2651 393 2686 habeo
406 2650 474 2686 AB
490 2650 535 2685 ab
551 2649 610 2686 illo
621 2650 653 2685 E
737 2651 878 2684 eruetur
891 2647 923 2682 B
1013 2647 1056 2683 25
1074 2645 1216 2683 deducis
1233 2657 1270 2682 se
1283 2646 1375 2682 Hml
1451 2644 1482 2681 si
1496 2645 1527 2680 E
1601 2643 1664 2679 sed
1678 2642 1730 2679 ibi
1743 2642 1836 2678 Hml

279 2710 322 2745 26
334 2709 603 2757 persuasissetE
621 2707 835 2756 persuasisse
845 2708 923 2743 „D
978 2706 1220 2744 morituruml
1276 2706 1319 2742 27
1335 2705 1457 2741 obesse
1472 2702 1540 2740 tibi
1550 2703 1582 2739 Ε
1625 2702 1840 2750 prodesse—-

282 2772 400 2816 potest
413 2769 510 2805 om.C
587 2768 653 2804 illa
664 2769 706 2810 E,
720 2767 818 2804 om.T
879 2765 1035 2803 breuiter
1045 2766 1088 2802 bd
