2028 3204
269 221 348 263 524
644 230 683 264 V.
718 230 844 265 Contra
877 228 965 263 duas
995 227 1164 274 epistulas
1194 227 1463 274 Pelagianorum

364 344 431 385 lv.
446 346 482 385 4.
501 344 536 385 H
542 343 574 383 is
589 342 646 384 ita
659 354 698 383 se
711 341 961 383 habentibus
975 341 1075 396 quid
1087 342 1255 396 prodest
1266 341 1438 384 nouellis
1449 341 1652 394 hereticis,
1665 342 1840 386 inimicis

266 409 396 451 crucis
416 408 564 450 Christi
597 414 639 448 et
665 407 829 449 diuinae
861 407 1217 463 obpugnatoribus
1239 407 1411 462 gratiae,
1442 407 1554 463 quod
1582 421 1608 450 a
1633 408 1839 452 Maniche-

266 488 382 516 ornm
411 486 543 514 errore
578 472 665 514 sani
693 472 887 514 uidentur
912 477 954 514 et
979 472 1060 514 alia
1084 486 1160 514 sua
1182 471 1421 527 pestilentia
1442 472 1706 516 moriuntur?
1737 474 1837 529 quid

266 540 322 581 eis
359 539 539 594 prodest,
580 538 691 592 quod
729 537 770 579 in
808 537 930 580 laude
967 543 1178 580 creaturae
1216 538 1361 580 dicunt
1401 538 1538 580 ‘deum
1574 539 1730 581 bonum
1766 553 1837 582 na-

267 604 467 646 scentium
487 603 752 654 conditorem,
772 615 845 658 per
864 616 986 658 quem
1006 603 1120 645 facta
1142 607 1240 645 sunt
1261 603 1414 655 omnia,
1434 603 1601 659 eiusque
1624 617 1729 660 opus
1750 616 1837 647 esse

270 670 378 711 filios
403 669 644 719 hominum‘,
672 682 776 723 quos
794 668 997 710 Manichei
1023 668 1167 710 dicunt
1191 682 1294 724 opus
1319 681 1406 711 esse
1431 669 1627 724 principis
1653 670 1838 713 tenebra-

265 749 370 785 rum,
393 749 485 776 eum
508 734 616 776 inter
632 739 828 788 utrosque
850 734 916 776 uel
937 734 1048 789 apud
1070 740 1267 789 utrosque
1289 734 1353 776 dei
1377 739 1564 777 creatura
1584 748 1690 790 quae
1711 741 1774 778 est
1796 735 1838 777 in

266 801 494 842 infantibus
512 800 681 854 pereat?
704 799 868 854 utrique
885 799 994 841 enim
1010 799 1158 841 nolunt
1174 813 1265 841 eam
1281 799 1430 842 Christi
1446 813 1567 842 carne
1584 805 1626 842 et
1642 801 1838 855 sanguine

267 866 447 907 liberari:
481 865 551 915 illi,
583 864 681 919 quia
710 864 842 919 ipsam
871 877 1036 907 carnem
1070 869 1112 907 et
1150 865 1391 921 sanguinem
1420 865 1584 916 Christi,
1624 871 1839 921 tamquam

265 932 366 973 hacc
393 931 559 972 omnino
588 930 630 971 in
658 930 821 972 homine
850 930 915 972 uel
943 943 994 972 ex
1021 930 1185 973 homine
1213 944 1296 973 non
1323 931 1559 986 susceperit,
1601 931 1836 983 destruunt,

267 997 334 1037 isti
369 1002 521 1046 autem,
558 996 655 1050 quia
687 995 847 1037 nullum
879 996 1036 1038 malum
1068 996 1198 1038 inesse
1232 996 1461 1039 infantibus
1495 1002 1696 1048 asserunt,
1731 997 1839 1040 unde

267 1075 338 1116 per
368 1067 671 1103 sacramentum
701 1061 833 1103 carnis
862 1061 985 1103 huius
1015 1066 1058 1103 et
1088 1061 1295 1117 sanguinis
1326 1061 1562 1104 liberentur.
1596 1061 1704 1105 iacet
1733 1062 1840 1104 inter

268 1127 356 1168 illos
388 1127 428 1167 in
459 1126 640 1181 paruulis
671 1127 854 1168 humana
883 1131 1071 1169 creatura
1100 1127 1361 1169 institutione
1392 1128 1513 1178 bona,
1544 1128 1839 1183 propagatione

268 1192 429 1243 uitiata,
447 1192 563 1234 bonis
580 1192 661 1234 suis
679 1192 879 1234 confitens
894 1192 1100 1247 optimum
1115 1193 1380 1244 conditorem,
1410 1193 1529 1235 malis
1544 1193 1626 1235 suis
1643 1206 1839 1248 quaerens

268 1257 690 1299 misericordissimum
749 1258 1063 1313 redemptorem,
1131 1258 1368 1301 Manicheos
1425 1258 1578 1300 habens
1639 1259 1840 1301 bonorum

268 1337 431 1365 suorum
464 1323 779 1378 uituperatores‚
812 1323 1055 1379 Pelagianos
1089 1324 1245 1366 habens
1275 1324 1479 1366 malorum
1523 1336 1690 1366 suorum
1720 1337 1840 1380 nega—

268 1396 390 1439 tores,
422 1395 619 1444 utrosque
648 1394 941 1444 persecutores.
972 1394 1015 1431 et
1045 1389 1235 1444 quamuis
1265 1403 1337 1444 per
1366 1389 1586 1431 infantiam
1616 1389 1727 1445 loqui
1758 1403 1841 1432 non

268 1455 417 1505 ualeat,
442 1455 573 1509 specie
595 1461 734 1496 tamen
758 1454 890 1497 tacita
913 1459 955 1497 et
978 1454 1222 1497 infirmitate
1247 1455 1392 1497 abdita
1416 1455 1587 1510 impiam
1610 1455 1841 1498 uanitatem

269 1526 536 1575 utrorumque
561 1520 768 1575 conpellat
789 1525 831 1562 et
851 1520 929 1563 illis
957 1520 1112 1563 dicens:
1147 1521 1211 1563 ‘ab
1239 1535 1286 1563 eo
1315 1521 1386 1576 qui
1414 1521 1523 1563 bona
1550 1527 1661 1563 creat
1688 1521 1840 1563 credite

268 1599 331 1627 me
355 1586 493 1627 creari·
526 1591 567 1627 et
593 1586 682 1628 istis
708 1586 862 1628 dicens:
899 1586 963 1628 ‘ab
994 1599 1041 1628 eo
1068 1586 1138 1641 qui
1161 1600 1226 1628 me
1254 1586 1411 1629 creauit
1440 1586 1562 1629 sinite
1585 1600 1650 1629 me
1674 1586 1836 1629 sanari‘.

269 1651 506 1693 Manicheus
529 1651 646 1693 dicit:
680 1651 794 1693 ‘nihil
816 1656 880 1694 est
895 1651 1017 1694 huius
1037 1651 1208 1694 infantis
1226 1651 1304 1694 nisi
1330 1652 1471 1694 anima
1489 1653 1600 1695 bona
1615 1652 1839 1703 liberanda,

270 1723 406 1759 cetera
421 1730 502 1758 non
520 1717 573 1758 ad
590 1717 711 1759 deum
727 1718 897 1768 bonum,
916 1717 986 1760 sed
1000 1717 1054 1759 ad
1070 1717 1296 1776 principem
1313 1718 1575 1760 tenebrarum
1591 1717 1843 1773 pertinentia

270 1783 526 1837 respuenda,
553 1783 799 1838 Pelagianus
818 1782 936 1825 dicit:
968 1782 1105 1824 ‘immo
1128 1783 1250 1825 huius
1267 1783 1440 1825 infantis
1458 1783 1559 1825 nihil
1584 1789 1646 1825 est
1667 1783 1841 1825 liberan-

269 1848 381 1898 dum,
403 1848 502 1902 quia
529 1852 666 1890 totum
697 1848 951 1891 ostendimus
980 1849 1168 1891 saluum‘.
1201 1849 1325 1891 ambo
1354 1849 1627 1899 mentiuntur,
1659 1849 1729 1890 sed
1758 1848 1841 1891 iam

270 1913 409 1954 mitior
437 1919 499 1955 est
529 1914 662 1956 carnis
694 1914 818 1956 solius
850 1919 1077 1965 accusator,
1111 1914 1210 1969 quia
1240 1914 1282 1955 in
1314 1914 1553 1956 uniuersum
1584 1914 1842 1956 conuincitur

270 1979 425 2020 saeuire
447 1979 650 2022 laudator.
672 1979 742 2021 sed
762 1993 837 2021 nec
854 1979 1094 2022 Manicheus
1112 1980 1319 2022 humanae
1339 1980 1501 2022 animae
1521 1979 1715 2022 subuenit
1734 1979 1841 2022 blas-

270 2045 504 2098 phemando
530 2049 742 2087 auctorem
767 2045 897 2087 totius
923 2045 1099 2087 hominis
1131 2045 1253 2088 deum
1273 2058 1348 2087 nec
1367 2045 1612 2101 Pelagianus
1637 2045 1841 2087 humanae

270 2110 470 2151 infantiae
494 2110 678 2152 diuinam
700 2110 946 2152 medicinam
968 2110 1184 2153 subuenire
1207 2110 1416 2166 permittit
1437 2110 1626 2166 negando
1648 2110 1842 2166 originale

270 2181 498 2229 peecatum.
519 2175 617 2217 deus
635 2188 728 2230 ergo
747 2176 963 2218 miseretur
982 2189 1055 2231 per
1072 2176 1318 2218 catholicam
1339 2176 1480 2227 fidem,
1501 2189 1604 2231 quae
1623 2181 1841 2231 utramque

269 2240 549 2294 redarguendo
592 2241 812 2295 perniciem
855 2241 1006 2283 infanti
1047 2242 1240 2284 subuenit
1282 2242 1335 2284 ad
1384 2242 1573 2293 salutem,
1617 2240 1841 2284 Manicheis

379 2384 393 2417 1
413 2381 455 2416 cf.
478 2381 566 2417 Phil.
584 2383 615 2423 3,
634 2382 674 2417 18
748 2384 768 2417 4
787 2382 944 2418 Iulianus

376 2476 395 2511 2
412 2476 541 2511 crucio
645 2477 665 2511 3
681 2487 745 2512 sua
759 2476 860 2511 omB
949 2479 969 2513 4
984 2477 1093 2524 quod]
1110 2477 1238 2523 quiaD
1321 2476 1342 2512 6
1357 2477 1434 2513 filio
1447 2476 1532 2513 Om1
1621 2475 1838 2523 principesV

275 2536 316 2571 10
330 2535 550 2582 susciperitO
598 2536 634 2571 11
649 2536 769 2581 quiaO
785 2537 821 2581 (a
836 2534 962 2581 s.l.m2)
1009 2539 1051 2572 13
1061 2541 1242 2574 creaturae
1255 2537 1284 2574 Ο
1325 2538 1367 2573 14
1375 2536 1558 2574 conditore
1569 2536 1598 2572 Ο
1645 2536 1688 2573 16
1698 2535 1841 2582 pelaigi·

273 2605 360 2631 anos
373 2596 403 2631 O
492 2596 534 2632 18
550 2595 687 2640 speciae
698 2595 729 2630 V
819 2599 939 2631 tamen
956 2586 1031 2631 taffi
1043 2596 1073 2630 B
1163 2596 1271 2632 tacite
1282 2595 1370 2632 Vm1
1458 2597 1657 2632 uanitatem
1672 2597 1712 2632 in
1726 2606 1793 2632 ras.
1805 2595 1837 2630 B

275 2655 317 2690 19
332 2658 451 2700 utri’iq.
462 2655 491 2690 O
566 2655 690 2691 abeoo
751 2655 791 2690 21
809 2655 921 2690 ni*hil
933 2655 962 2691 0
1036 2655 1139 2691 huius
1156 2661 1210 2692 est
1222 2656 1252 2692 Ο
1320 2655 1443 2692 animo
1455 2657 1484 2692 0
1552 2655 1596 2691 22
1611 2655 1657 2692 ad
1671 2653 1840 2691 alt.0m.1·'

276 2714 457 2759 pertinent
467 2714 521 2749 Db
574 2715 615 2750 24
631 2713 692 2750 sed
707 2714 831 2750 micior
847 2717 901 2750 est
915 2714 987 2750 iam
999 2714 1032 2749 D
1083 2715 1125 2749 25
1142 2719 1329 2751 accusatur
1338 2714 1403 2751 EF
1454 2714 1554 2762 quia]
1569 2725 1678 2761 quam
1693 2714 1755 2761 qui
1764 2714 1840 2750 Dm

275 2773 319 2808 26
330 2772 497 2809 laudatur
508 2773 539 2808 V
578 2785 692 2820 neque
703 2774 757 2809 Db
800 2775 843 2811 28
852 2773 1080 2819 medicinam]
1096 2774 1250 2821 gratiam
1263 2774 1304 2810 bd
1347 2785 1476 2822 negare
1485 2774 1518 2810 V
1564 2774 1609 2810 29
1618 2772 1837 2821 utraqueOB

273 2836 450 2879 utrunque
466 2831 498 2867 V
558 2834 600 2868 30
613 2833 796 2870 infantisO
811 2833 1008 2870 infantibus
1017 2834 1051 2869 D

1867 942 1908 972 1⁰

1870 1270 1909 1301 1⁵

1868 1597 1911 1628 20

1868 1925 1909 1955 2⁵

1868 2251 1910 2281 30
