2028 3204
177 959 216 989 1⁰

171 1952 213 1981 25

829 226 917 264 libor
948 226 996 262 1v
1030 228 1061 269 1.
1097 229 1193 270 1-2‚
1226 229 1247 263 3
1739 218 1819 261 381

245 368 289 398 eo
319 353 516 398 consultos
549 353 724 396 tenuisse
759 351 967 395 silentium
1003 356 1073 396 aut
1108 352 1214 395 nihil
1251 353 1483 406 expressius
1518 352 1697 404 elocutos,
1737 368 1824 396 cum

244 419 522 474 definitionem
540 418 884 473 disputationibus
903 418 991 461 suis
1010 418 1196 461 inchoata
1215 419 1464 472 expositione
1483 418 1754 462 subtraherent
1776 445 1826 449 —

245 486 367 530 sicuti
387 499 518 540 nuper
540 484 651 539 apud
673 489 708 528 te
730 484 955 541 Auqustisni
975 483 1200 527 doctissimi
1221 485 1307 527 uiri
1329 484 1623 539 praedicatique
1646 486 1826 539 episcopi

246 553 557 607 conprehensum
581 550 723 594 litteris
746 550 924 593 lectitaui
947 575 999 580 —
1022 550 1238 592 modestius
1261 550 1432 604 quidem,
1458 554 1501 592 ut
1526 564 1622 601 reor,
1649 565 1695 593 ac
1718 564 1826 593 uere-

246 618 418 662 cundius
445 618 611 661 huiusce
636 617 696 660 rei
721 630 872 660 arcana
897 616 1089 659 rimantes
1115 616 1224 658 intra
1251 630 1292 658 se
1316 616 1428 669 ipsos
1455 620 1643 659 tractatus
1670 617 1738 659 sui
1762 615 1827 658 de-

244 697 408 728 uorasse
427 683 628 726 iudicium
648 696 772 738 neque
792 695 833 725 se
853 695 969 736 posse
990 682 1135 725 exhinc
1155 681 1310 736 aliquid
1329 682 1591 725 determinare
1612 683 1823 736 professos.

246 750 312 793 sed
339 750 454 801 mihi,
485 749 606 800 crede,
636 749 735 792 satis
762 762 958 802 superque
984 748 1144 791 uidetur
1171 748 1389 791 absurdum
1417 752 1531 802 atque
1558 749 1826 802 inconqruum

244 816 406 867 rationi,
427 820 471 858 ut
489 816 603 858 homo
622 815 711 869 ipse
730 827 871 868 expers
890 814 958 857 sui
975 814 1028 856 sit
1048 818 1116 856 aut
1135 815 1184 863 is,
1207 814 1277 868 qui
1295 828 1428 857 rerum
1447 815 1629 857 omnium
1655 814 1827 857 creditur

218 934 221 938 A
245 882 413 936 adeptus
439 894 520 924 esse
544 881 742 931 notitiam,
771 879 850 922 sibi
873 880 959 934 ipsi
983 879 1173 923 habeatur
1197 880 1368 935 iqnotus.
1411 880 1507 934 quid
1533 885 1665 923 autem
1688 880 1823 934 dissert

244 948 358 991 homo
391 960 539 1001 pecore,
574 948 612 989 si
644 946 768 988 nescit
799 945 847 988 de
879 959 955 989 sua
987 945 1175 1000 qualitate
1207 950 1429 1000 naturaque
1460 946 1680 1000 disquirere
1713 950 1828 1000 atque

243 1013 445 1063 disserere,
478 1017 521 1055 ut
552 1013 690 1055 merito
721 1013 768 1054 in
798 1011 915 1055 illum
946 1012 1158 1054 conueniat
1189 1012 1292 1066 quod
1323 1012 1518 1065 scripturn
1551 1016 1620 1054 est:
1667 1012 1692 1054 h
1709 1026 1731 1053 o
1747 1026 1787 1054 m
1804 1026 1826 1053 o

245 1093 364 1122 cum
393 1082 548 1120 esset
579 1078 639 1120 in
667 1079 1028 1128 honore‚non
1056 1077 1405 1131 intellexit·
1431 1077 1832 1120 assimilatus

244 1149 328 1187 est
370 1144 664 1187 iumentis
706 1147 755 1185 et
799 1147 1173 1197 conparatus
1215 1147 1300 1185 est
1337 1143 1455 1186 eis?
1490 1157 1587 1185 nam
1614 1158 1704 1186 cum
1729 1143 1827 1185 deus

244 1209 369 1253 bonus
383 1209 489 1253 nihil
504 1223 586 1252 non
600 1210 753 1252 ratione
769 1208 986 1251 condiderit
1003 1209 1215 1262 ipsumque
1225 1209 1425 1251 hominem
1443 1209 1598 1251 animal
1617 1208 1823 1255 rationale,

196 1289 213 1317 5
244 1276 463 1318 intellectus
488 1289 686 1329 capacem,
714 1275 884 1317 rationis
909 1279 1123 1328 compotem
1149 1288 1343 1328 sensuque
1367 1275 1565 1325 uiuacem,
1594 1275 1663 1329 qui
1688 1275 1826 1317 omnia.

243 1342 414 1385 rationis
446 1342 626 1395 expenw
656 1340 846 1394 prudenti
877 1341 1127 1383 ordinatione
1157 1340 1383 1389 distribuat,
1418 1341 1697 1394 procreauerit,
1730 1341 1826 1394 quid

244 1412 326 1450 tam
343 1407 670 1450 inconuenienter
686 1406 769 1449 dici
786 1410 910 1460 potest
927 1420 1047 1460 quam
1064 1410 1107 1448 ut
1126 1420 1217 1448 eum
1233 1407 1317 1448 sola
1334 1407 1402 1448 sui
1418 1407 1577 1448 notione
1594 1405 1793 1459 fraudarit
1806 1408 1826 1449 ζ)

245 1477 279 1515 et
303 1487 394 1516 cum
418 1473 622 1526 sapientia
645 1472 801 1523 mundi,
830 1485 929 1525 quae
954 1485 1037 1514 sese
1062 1485 1184 1526 usque
1210 1472 1261 1514 ad
1285 1472 1375 1514 ueri
1399 1473 1661 1527 coqnitionem
1686 1485 1824 1525 super-

243 1553 374 1582 uacua
406 1539 565 1593 quidem
595 1538 905 1593 inuestiqatione
935 1537 1149 1591 protendit,
1183 1538 1280 1592 quia
1312 1538 1412 1580 scire
1443 1538 1578 1592 nequit
1611 1551 1682 1591 per
1713 1552 1824 1592 quern

173 1617 190 1646 2
245 1604 332 1647 licet
367 1618 466 1659 quae
501 1608 594 1647 sunt
628 1617 726 1658 uera
761 1604 952 1659 coqnosci‚
990 1602 1128 1658 aliqua
1161 1607 1293 1646 tamen
1326 1603 1480 1655 uicina,
1518 1604 1640 1646 immo
1676 1603 1828 1657 affinia

243 1670 406 1713 ueritati
436 1670 687 1724 temptauerit
720 1683 842 1723 super
873 1670 1035 1712 animae
1065 1673 1214 1713 natura
1245 1670 1453 1723 dispicere,
1489 1684 1609 1723 quam
1641 1670 1827 1712 imlecens

243 1740 356 1791 atque
375 1736 609 1791 pudendum
628 1739 682 1778 est
701 1735 933 1790 reliqiosum
952 1749 1189 1790 quemquam
1206 1735 1254 1778 de
1272 1736 1345 1778 hoc
1363 1735 1453 1789 ipso
1474 1740 1543 1778 aut
1562 1735 1669 1778 nihil
1688 1749 1827 1789 sapere

243 1805 312 1844 aut
340 1802 501 1856 penitus
530 1801 609 1844 sibi
636 1801 893 1844 interdixisse
919 1815 971 1844 ne
999 1801 1162 1855 sapiat!

348 1874 386 1917 3.
419 1873 509 1917 Ista
537 1879 613 1916 tua
640 1879 808 1916 nostrae
836 1873 1096 1928 ignorantiae
1124 1873 1399 1916 disertissima
1427 1879 1469 1915 et
1497 1872 1827 1915 luculentissima

243 1940 464 1995 castigatio
491 1939 645 1990 omnia,
675 1953 782 1994 quae
809 1939 862 1981 ad
889 1944 1085 1981 naturam
1110 1938 1290 1981 hominis
1318 1939 1542 1994 pertinent,
1572 1938 1629 1981 sic
1656 1945 1697 1981 te
1725 1938 1825 1980 scire

335 2083 372 2118 11
396 2083 452 2118 Ps.
470 2083 526 2124 48,
548 2083 589 2118 13

343 2193 357 2226 1
379 2190 593 2236 eloquutosl
718 2191 739 2225 2
753 2188 961 2225 definitione
973 2190 1005 2224 A
1022 2188 1262 2225 diffinitionem
1275 2190 1306 2225 E
1426 2190 1592 2225 incohata
1602 2190 1620 2224 I
1639 2190 1778 2224 incoata
1795 2190 1824 2223 T

243 2251 264 2285 3
287 2249 408 2296 sicuti]
429 2250 521 2285 sieut
545 2249 580 2284 in
605 2260 675 2284 uno
695 2249 728 2284 D
805 2260 899 2284 nunc
921 2259 1034 2295 nuper
1052 2249 1182 2285 BCEH
1190 2250 1230 2290 T,
1253 2251 1381 2296 (nuper
1405 2250 1441 2285 in
1465 2252 1547 2296 ηις.)
1566 2250 1583 2284 I
1659 2253 1745 2295 aput
1772 2249 1821 2294 te]

242 2314 362 2354 aperte
372 2309 408 2345 H
483 2308 640 2355 agustini
652 2310 713 2344 AG
789 2310 809 2343 4
827 2300 867 2344 o—0
879 2322 896 2341 α
907 2299 1082 2354 pheneum
1092 2309 1128 2344 H
1210 2308 1412 2345 modesticis
1424 2310 1453 2344 C
1538 2308 1762 2345 uerioundius
1775 2308 1808 2342 H

246 2369 267 2403 5
283 2369 438 2405 archana
451 2369 564 2405 BC'EI
571 2369 601 2404 T
689 2371 865 2404 remantes
878 2369 909 2404 Α
986 2373 1159 2405 tractatos
1170 2368 1206 2404 H
1294 2370 1315 2405 6
1330 2379 1373 2404 ex
1387 2369 1478 2404 hanc
1491 2370 1521 2403 A
1609 2371 1627 2404 7
1642 2369 1779 2403 credere
1791 2370 1820 2401 C

244 2428 266 2464 8
280 2428 336 2464 his
350 2429 447 2464 ABG
494 2430 536 2465 10
551 2440 574 2464 a
586 2439 709 2475 pecore
722 2429 795 2464 Ebd
842 2430 882 2464 11
896 2427 1026 2464 dissere
1038 2427 1058 2462 I
1112 2429 1157 2465 13
1168 2429 1231 2464 alt.
1246 2432 1301 2465 est
1313 2428 1417 2465 om.H
1464 2420 1530 2464 dns
1544 2429 1574 2463 Ε
1622 2431 1661 2463 14
1676 2427 1777 2462 bonis
1794 2427 1823 2461 E

245 2487 374 2524 rationi
384 2488 404 2523 1
468 2489 602 2525 annual
615 2488 796 2524 hominem
807 2488 836 2524 C
902 2487 1083 2524 hominem
1097 2489 1197 2524 om.E
1269 2490 1312 2525 15
1325 2499 1561 2533 sensuumque
1575 2487 1611 2522 H
1682 2478 1755 2521 onii
1769 2487 1818 2521 Bb

245 2547 286 2584 16
307 2547 467 2594 expertia
490 2549 532 2594 (s.
547 2547 568 2584 1.
587 2548 666 2584 add.
677 2549 758 2594 gen)
771 2548 802 2583 Ε
831 2547 1079 2594 experientiab
1133 2548 1342 2595 prudentiae
1357 2547 1525 2584 ABCDH
1554 2546 1789 2593 prudentique
1803 2546 1822 2580 b

243 2606 482 2644 distributaE
553 2607 616 2654 qui
631 2608 663 2642 A
740 2609 782 2644 17
801 2606 991 2644 notitiaeo
1014 2607 1192 2644 noticione
1207 2608 1239 2643 Ε
1315 2607 1534 2643 fraudauerit
1546 2607 1564 2641 b
1639 2607 1680 2641 18
1695 2604 1821 2640 mundi

240 2666 416 2713 sapientia
428 2667 459 2703 E
544 2667 737 2714 mundique
750 2669 782 2703 A
866 2667 1022 2714 quesisse
1033 2667 1065 2703 E
1085 2677 1251 2714 quaerere
1265 2678 1301 2702 se
1311 2667 1347 2702 Η
1360 2667 1432 2711 (alt.
1449 2677 1484 2701 re
1497 2667 1567 2710 ελ.)
1655 2665 1695 2699 19
1713 2663 1821 2699 uaeti·

244 2725 387 2773 gatiano
406 2728 440 2763 A
530 2726 676 2774 nequeit
696 2727 728 2762 D
753 2728 788 2774 (e
801 2729 884 2763 mut.
906 2727 944 2763 in
969 2726 997 2772 i)
1099 2728 1144 2764 20
1159 2727 1310 2763 atiniae*
1402 2728 1441 2761 21
1460 2724 1634 2771 despicere
1651 2722 1820 2759 BCDEIb

246 2796 446 2832 quun—ne
459 2787 556 2823 om.0
676 2786 759 2823 inde
771 2790 893 2823 censat
906 2797 998 2833 quoe
1007 2785 1044 2822 Η
1168 2787 1210 2823 24
1230 2786 1305 2822 Ista
1321 2785 1400 2831 tua]
1415 2785 1577 2820 Instatua
1588 2783 1618 2817 0
1633 2781 1773 2819 Statuit
1782 2781 1819 2817 Η

242 2844 494 2882 dissertissimo.
504 2845 633 2883 ABG&
705 2845 984 2884 luculentissima
995 2845 1058 2882 Bc
