2002 3256
811 242 1118 280 Praefatio.
1728 234 1763 276 V

175 354 332 399 scholia
358 355 508 398 addita
534 358 652 398 sunt:
696 353 779 396 Hic
805 354 903 396 aicit
930 353 977 396 de
1005 367 1099 396 enoc
1126 360 1159 396 et
1188 354 1305 398 helia.
1351 357 1548 410 arpos-itio
1577 357 1759 411 apos-toli.

175 421 241 464 hic
263 420 362 464 dicit
384 419 579 475 paruulos
603 420 674 475 qui
697 420 792 462 hinc
815 424 960 462 exeunt
983 420 1072 462 sine
1096 419 1293 474 baptismo
1318 426 1347 463 ῖι
1371 426 1486 463 tanta
1510 423 1683 464 cruciari
1708 423 1759 466 al.

175 488 308 530 codex
327 486 490 530 duobus
516 485 614 529 locis
638 485 886 528 manifestae
910 485 1245 541 interpolationis
1267 487 1445 542 speciem
1471 500 1568 542 prae
1592 502 1635 529 se
1661 488 1760 531 lert:

174 554 213 604 3,
243 554 280 595 6.
312 554 377 603 42,
409 554 471 596 14.
518 551 698 595 contulit
726 551 854 594 Vrba.

105 617 141 661 0
279 619 422 668 Codex
454 617 820 661 (fasinensis
854 617 1036 660 CLXIII
1071 617 1243 660 membr.
1280 618 1393 660 mise.
1430 631 1534 661 saec.
1571 619 1635 661 XI
1670 618 1755 663 foll.

175 684 307 728 2—84
329 684 381 727 de
404 688 671 740 peccatorum
693 683 865 735 meritis,
890 682 975 726 foll.
1000 683 1052 726 84
1074 683 1248 738 (Incipit
1271 683 1368 725 liber
1389 684 1435 726 de
1457 683 1536 737 >Tui
1557 690 1591 727 et
1614 685 1761 738 littera)

176 777 228 782 —
254 751 328 792 127
355 751 407 793 de
433 749 583 805 spiritu
609 754 651 792 et
677 747 820 792 littera
846 749 1031 805 praebet.
1074 762 1223 792 manus
1250 749 1383 805 prima
1411 751 1635 792 correctrix
1660 751 1760 794 nihil

175 815 260 858 fere
301 815 381 858 nisi
422 815 577 858 menda
617 816 670 858 ad
713 815 1055 871 orthographiam
1097 815 1350 871 pertinentia
1394 815 1576 859 sustulit.
1638 817 1760 859 latius

176 886 389 938 grassatur
408 883 490 933 m2,
512 894 619 937 quae
639 886 855 936 praeterea
874 881 1003 924 etiam
1022 885 1144 924 notas
1165 886 1205 923 et
1227 880 1382 937 glossas
1401 882 1443 924 in
1465 895 1544 933 me.
1567 883 1760 938 appinxit

177 953 222 991 ut
251 946 321 991 fol.
344 942 436 990 40¹³.
467 941 551 990 61¹³.
582 942 662 990 75¹>
690 945 741 990 al.
787 946 890 989 liber
917 947 996 989 etsi
1024 959 1076 988 ex
1103 947 1278 1002 antiquo
1307 947 1531 1003 exemplari
1562 948 1760 1003 originem

176 1013 324 1056 ducere
343 1013 512 1056 uidetur
529 1017 672 1055 tamen
691 1013 804 1055 omni
822 1013 1021 1056 uitiorum
1041 1025 1190 1068 genere
1209 1012 1402 1055 foedatus
1422 1020 1461 1055 et
1485 1014 1572 1064 115,
1593 1015 1618 1055 8
1636 1014 1761 1055 inter-

177 1078 342 1134 polatus
372 1084 447 1122 est.
496 1077 673 1122 contulit
703 1078 828 1122 Vrba.

102 1143 153 1186 M
283 1144 425 1188 Codex
455 1143 553 1187 olim
586 1144 920 1187 Bobiensis
959 1157 1071 1187 nunc
1112 1143 1607 1187 Mediolanensis
1650 1146 1682 1186 A
1703 1159 1761 1187 111-

177 1209 203 1252 b
222 1224 240 1252 r
259 1225 281 1253 o
299 1223 329 1253 S.
375 1210 413 1253 S.
436 1210 500 1253 55.
527 1223 616 1265 sup.
643 1210 816 1253 membr.
842 1211 955 1253 misc.
982 1209 1067 1253 foll.
1096 1212 1171 1253 134
1195 1222 1300 1253 saec.
1329 1210 1539 1252 Xl-XII
1565 1216 1759 1254 exaratus

175 1281 250 1319 est.
274 1275 368 1319 libri
385 1277 436 1319 de
453 1289 563 1331 pecc.
584 1276 742 1318 meritis
760 1275 844 1320 foll.
866 1277 997 1319 1——63
1014 1281 1235 1331 occupant.
1255 1277 1388 1319 codex
1409 1275 1589 1319 multum
1606 1290 1760 1319 correc-

174 1346 243 1385 tus
267 1346 309 1384 et
335 1342 448 1385 uitiis
469 1341 744 1385 multifariam
765 1342 1024 1385 deformatus
1046 1341 1208 1397 aliquot
1231 1355 1350 1385 ueras
1372 1342 1598 1397 scripturas
1621 1343 1757 1385 offert.

110 1406 146 1448 T
268 1407 410 1451 Codex
440 1407 475 1449 V
493 1408 621 1450 atie
639 1422 663 1450 a
681 1422 706 1450 n
725 1422 751 1451 u
770 1421 788 1450 s
818 1408 851 1450 L
869 1422 893 1451 a
909 1408 1001 1450 tin
1021 1423 1046 1450 u
1065 1422 1082 1449 s
1128 1409 1202 1450 461
1236 1422 1340 1451 saec.
1376 1407 1440 1449 XI
1471 1422 1533 1451 ex.
1582 1409 1759 1463 scriptus

176 1472 301 1516 libros
335 1474 386 1516 de
419 1486 529 1529 pecc.
565 1473 724 1515 meritis
758 1478 800 1516 et
834 1475 886 1517 de
918 1473 1067 1529 spiritu
1101 1478 1143 1516 et
1176 1473 1319 1516 littera.
1353 1474 1569 1516 continens
1603 1474 1664 1516 bis
1699 1480 1758 1516 est

175 1543 397 1590 correctus,
415 1552 542 1581 manu
558 1538 717 1582 librarii
732 1544 774 1581 et
790 1552 918 1582 manu
934 1539 1173 1582 recentiore.
1207 1541 1339 1583 eodex
1355 1540 1408 1582 ad
1425 1540 1760 1582 emendationem

175 1605 296 1660 parui
325 1605 449 1660 pretii
478 1605 678 1648 dicendus
707 1610 782 1648 est.
829 1604 1009 1648 contulit
1038 1605 1163 1648 Vrba.

282 1670 437 1713 Omnes
471 1670 645 1722 codices,
681 1684 785 1726 quos
820 1672 874 1714 ad
908 1671 1203 1714 constituenda
1239 1671 1367 1714 uerba
1401 1671 1682 1721 adhibuimus,
1718 1672 1758 1713 in

175 1736 280 1779 duas
308 1735 490 1780 familia-s
520 1736 754 1788 discedunt,
785 1749 964 1792 quarum
994 1750 1123 1779 unam
1153 1737 1313 1780 codices
1344 1736 1526 1778 LSI'PG
1556 1737 1758 1786 efficiunt,

175 1801 346 1845 alterius
365 1806 494 1845 testes
515 1802 708 1858 quamuis
727 1802 813 1845 fide
832 1807 875 1845 et
895 1803 1149 1846 auctoritate
1169 1803 1323 1846 diuersi
1344 1802 1516 1845 KACM
1524 1802 1558 1844 T
1578 1808 1757 1845 exstant.

176 1873 304 1923 atque
320 1867 409 1910 illos
427 1867 636 1911 artissima
653 1868 864 1911 affinitate
882 1869 1125 1912 coniunctos
1143 1882 1229 1911 esse
1246 1882 1341 1911 cum
1359 1868 1492 1912 multa
1510 1868 1590 1911 alia
1609 1869 1758 1911 docent

177 1933 246 1987 (cf.
276 1935 338 1985 17,
362 1935 425 1977 22.
452 1934 515 1985 18,
540 1935 601 1977 18.
626 1935 690 1977 22.
716 1935 779 1986 19,
803 1935 839 1977 2.
864 1935 901 1977 9.
926 1934 990 1985 20,
1014 1935 1077 1977 21.
1103 1936 1165 1977 22.
1190 1936 1255 1986 22,
1280 1936 1315 1977 7.
1341 1935 1404 1985 23,
1431 1935 1491 1976 10.
1517 1936 1581 1983 24,
1608 1935 1667 1976 19.
1693 1936 1757 1983 28,

178 2000 214 2041 7.
239 2000 303 2050 29,
326 2000 389 2042 20.
414 2000 479 2051 31,
505 2000 566 2042 10.
590 2000 656 2052 32,
679 2001 715 2044 9.
743 2001 804 2043 11.
828 2001 893 2052 37,
916 2000 953 2043 5.
981 2002 1042 2043 17.
1066 2002 1131 2052 47,
1155 2001 1218 2043 23.
1243 2002 1307 2051 52,
1331 2002 1368 2043 8.
1392 2002 1457 2051 56,
1481 2001 1517 2042 3.
1542 2002 1606 2049 66,
1631 2002 1667 2042 0.
1693 2001 1755 2042 25.

176 2065 240 2117 76,
265 2067 311 2108 11
336 2064 408 2120 al.)
430 2069 523 2108 tum
545 2065 625 2108 duo
649 2065 914 2121 glossemata,
937 2066 1088 2121 quibus
1112 2079 1254 2108 eorum
1277 2066 1390 2120 origo
1414 2065 1623 2120 proditur:
1649 2065 1711 2116 75,
1734 2068 1759 2107 6

176 2131 302 2172 oratio
337 2130 469 2173 breuis
505 2131 762 2186 perfectaque,
802 2131 891 2183 150,
928 2132 980 2175 22
1015 2131 1085 2173 deo
1120 2133 1282 2186 malias,
1337 2132 1485 2173 horum
1522 2130 1758 2173 natiuitatis

176 2196 513 2240 communionem
545 2197 764 2252 integritas
799 2197 998 2241 orationis
1033 2196 1102 2252 (cf.
1139 2199 1204 2249 56,
1239 2198 1276 2240 3.
1315 2198 1378 2248 74,
1414 2197 1476 2240 22.
1515 2198 1577 2246 78,
1617 2197 1682 2250 12)
1718 2204 1756 2237 et

177 2262 437 2317 praestantia
462 2261 690 2305 lectionum
716 2268 911 2318 arguunt,
939 2262 992 2306 cf.
1022 2264 1059 2314 7,
1090 2265 1151 2306 14.
1181 2264 1246 2314 83,
1275 2264 1337 2306 22.
1370 2264 1458 2313 118,
1489 2263 1537 2304 12
1565 2262 1617 2304 al.
1663 2274 1758 2303 cum

176 2331 320 2370 autem
346 2340 488 2370 omnes
514 2328 675 2371 codices
702 2341 754 2370 ex
779 2342 861 2371 uno
888 2330 1116 2385 archetypo
1144 2329 1344 2385 originem
1369 2328 1555 2377 trahant,
1584 2341 1665 2369 non
1694 2333 1756 2368 est

177 2392 330 2436 mirum
353 2393 516 2449 saepius
537 2392 662 2437 libros
686 2407 814 2438 manu
838 2394 1012 2450 scriptos
1033 2395 1219 2438 eiusdem
1244 2393 1383 2437 classis
1407 2393 1516 2435 inter
1539 2406 1581 2434 se
1605 2393 1759 2436 dissen-

176 2458 269 2509 tire,
290 2471 412 2515 saepe
433 2457 630 2502 lectiones
655 2460 841 2504 eiusdem
864 2459 1047 2503 familiae
1071 2473 1167 2502 cum
1190 2459 1404 2515 scripturis
1425 2458 1594 2501 alterius
1620 2457 1758 2500 elassis

178 2524 412 2576 conuenire,
434 2523 486 2568 cf.
509 2525 574 2576 23,
597 2525 660 2568 25.
683 2526 749 2577 37,
774 2527 835 2568 17.
859 2526 924 2577 60,
947 2527 984 2569 2.
1008 2526 1073 2577 80,
1098 2527 1148 2568 18
1168 2524 1220 2568 al.
1258 2526 1355 2568 inde
1377 2529 1465 2566 erat
1488 2537 1757 2578 consequens.

178 2593 226 2632 ut
249 2588 496 2646 plerumque
518 2589 702 2634 familiae
721 2591 894 2634 KACM
902 2591 936 2634 T
955 2591 1253 2634 auctoritatem
1278 2590 1455 2646 pressius
1480 2602 1757 2644 sequeremur.

176 2653 269 2698 aliis
285 2659 429 2698 autem
447 2654 560 2708 locis,
578 2657 730 2713 quibus
747 2657 991 2701 testimonia
1006 2656 1177 2700 alterius
1196 2655 1335 2699 classis
1353 2655 1552 2697 maiorem
1569 2654 1758 2697 ueritatis

177 2720 358 2776 speciem
389 2721 542 2765 habere
576 2722 833 2774 uiderentur,
865 2722 962 2766 huic
988 2720 1237 2778 adstipulari
1262 2735 1344 2764 non
1372 2727 1674 2763 cunctaremur.
1716 2719 1759 2760 id

177 2786 360 2829 maxime
380 2787 564 2842 pertinet
585 2788 641 2832 ad
662 2787 772 2832 locos
794 2788 1024 2844 scripturae
1046 2800 1199 2830 sacrae.
1240 2800 1435 2842 persaepe
1458 2786 1569 2828 enim
1591 2785 1757 2833 accidit,

177 2854 227 2894 ut
248 2851 291 2894 K
311 2856 497 2896 ceterum
517 2852 744 2909 probabilis
765 2854 886 2896 testis
907 2852 1114 2909 Vulgatae
1134 2851 1332 2896 lectiones
1354 2857 1533 2907 promat,
1555 2850 1607 2892 ef.
1632 2850 1696 2899 40,
1720 2850 1756 2892 2.
