2002 3256
179 910 222 952 H

34 2806 182 2835 Editiones.

254 264 403 308 XVIII
885 277 1190 315 Praefatio.

252 387 443 430 omnibus
481 387 739 443 grauioribus
776 388 898 430 rebus
937 402 1031 431 cum
1068 390 1209 432 codice
1245 390 1477 434 Coloniensi
1515 391 1738 447 conspirat,
1776 397 1824 437 ut

252 453 404 508 proprii
437 453 663 495 testimonii
689 454 986 497 auctoritatem
1011 455 1166 498 habeat
1193 469 1323 511 paene
1350 456 1522 500 nullam.
1564 457 1823 501 abbreuiatio

251 518 338 560 folii
361 520 440 560 24a
460 518 558 560 dm
580 519 706 573 digna
728 519 847 561 nobis
870 524 1103 563 memoratu
1126 521 1305 564 uidetur.
1333 522 1375 564 hi
1400 522 1482 565 duo
1510 523 1671 566 codices
1694 537 1822 579 spem,

252 597 379 639 quam
393 584 436 625 in
454 584 510 626 eis
527 585 756 639 posuimus,
774 585 1023 636 fefellerunt,
1042 586 1196 641 quippe
1213 587 1284 642 qui
1303 587 1393 630 aliis
1413 592 1459 630 ut
1478 591 1691 631 uetustate
1710 602 1825 643 prae-

251 653 367 691 stant
387 649 448 692 ita
471 649 659 692 bonitate
678 651 958 705 posthabendi
976 651 1072 693 sint.
1099 656 1283 694 ceterum
1301 666 1427 708 quam
1450 657 1540 696 arte
1562 654 1822 705 cohaereant,

251 718 458 770 quantum
493 729 518 757 a
552 716 699 757 ceteris
734 716 956 767 declinent,
992 717 1093 760 haec
1128 717 1317 773 exempla
1352 719 1548 761 doceant:
1584 719 1674 770 423,
1710 721 1748 762 4.
1784 720 1822 762 8.

250 781 341 831 424,
366 781 404 823 6.
430 781 466 823 8.
504 782 565 823 14.
595 782 654 823 16.
683 782 745 823 23.
772 782 862 832 425,
889 783 925 824 8.
954 784 1014 824 11.
1041 783 1132 834 426,
1158 785 1193 826 2.
1221 784 1283 825 24.
1310 785 1400 834 427,
1427 785 1489 826 27.
1516 785 1607 835 428,
1632 786 1668 827 4.
1694 785 1731 827 6.
1760 785 1821 827 18.

251 847 313 888 21.
345 847 407 889 23.
439 846 502 889 25.
533 847 625 898 430,
654 847 691 889 5.
723 848 785 889 26.
817 848 908 898 431,
937 848 974 890 5.
1008 849 1057 890 13
1085 848 1137 891 al.
1183 849 1361 892 contulit
1390 849 1437 891 A.
1473 851 1632 892 Souter.

356 911 656 967 Fragmentum
686 913 925 955 codicis
956 913 1437 956 Aurelianensis
1469 916 1544 958 192
1574 915 1687 970 (169)
1717 928 1821 958 saec.

250 977 357 1019 VIII
385 977 551 1020 breuius
580 982 655 1029 est,
686 991 813 1033 quam
842 982 889 1021 ut
918 979 969 1021 de
998 979 1083 1022 eius
1111 979 1248 1021 indole
1277 980 1435 1035 aliquid
1462 980 1660 1023 fidentius
1690 980 1824 1023 dicere

249 1042 488 1085 audeamus

356 1108 527 1151 Praeter
544 1109 729 1151 codicem
749 1109 876 1151 Paris
897 1110 1218 1153 Armamentarii
1236 1111 1315 1161 586
1333 1111 1446 1166 (434)
1465 1116 1506 1152 et
1525 1111 1709 1153 codicem
1728 1111 1823 1152 Tre—

250 1186 414 1215 censem
430 1175 482 1216 40
498 1188 600 1230 quos
620 1188 744 1229 supra
765 1176 1180 1219 commemorauimus
1201 1176 1328 1218 etiam
1350 1177 1502 1219 codicis
1524 1176 1621 1219 bibl.
1641 1177 1824 1219 Lauren-

248 1239 389 1281 tianae
406 1239 511 1294 plut.
530 1239 619 1281 XII
636 1240 836 1282 cod.VIII
854 1253 957 1283 saec.
978 1241 1058 1282 XV
1072 1241 1198 1284 libros
1217 1242 1260 1283 ΙΙ
1277 1246 1318 1283 et
1337 1243 1403 1284 III
1420 1242 1595 1284 conferri
1614 1242 1819 1284 iussimus

248 1304 282 1345 is
306 1304 448 1347 multis
469 1305 638 1360 quidem
660 1305 759 1347 locis
780 1319 874 1347 cum
894 1306 1014 1349 codd.
1035 1307 1248 1349 Vaticanis
1267 1307 1346 1349 500
1365 1312 1406 1349 et
1425 1308 1496 1350 501
1526 1307 1734 1350 consentit
1753 1320 1822 1349 ne-

250 1383 330 1425 que
354 1373 498 1412 tamen
528 1383 579 1412 ex
607 1371 753 1413 eodem
782 1371 1008 1426 exemplari
1035 1375 1164 1427 atque
1190 1372 1250 1413 illi
1279 1373 1510 1428 descriptus
1539 1377 1614 1415 est.

356 1436 508 1478 Omnes
533 1436 694 1478 codices
719 1450 821 1491 quos
846 1437 1180 1480 enumerauimus
1211 1451 1261 1479 ex
1285 1438 1430 1480 eodem
1454 1438 1568 1480 fonte
1595 1438 1673 1480 etsi
1697 1437 1822 1480 uariis

248 1500 327 1543 uiis
354 1514 543 1543 manasse
567 1502 906 1557 grauissimarum
930 1515 1190 1558 quarumque
1213 1516 1351 1545 rerum
1376 1517 1576 1546 consensu
1603 1503 1819 1546 euincitur.

249 1566 406 1609 abeunt
430 1571 573 1609 autem
595 1567 638 1608 in
662 1566 811 1610 classes
836 1568 953 1618 duaS,
979 1581 1156 1623 quarum
1180 1582 1307 1611 unam
1330 1568 1369 1609 D
1393 1582 1487 1611 cum
1512 1569 1653 1611 codice
1676 1568 1821 1610 Arma-

249 1632 443 1675 mentarii
477 1636 518 1673 et
552 1632 743 1674 Trecensi
776 1633 966 1675 efficiunt
1000 1633 1239 1676 confusione
1272 1633 1494 1677 uerborum
1524 1633 1619 1677 libri
1652 1633 1823 1675 secundi

246 1697 441 1752 insignes,
466 1697 637 1740 latcrius
663 1698 789 1740 ceteri
814 1703 911 1740 sunt
937 1699 1014 1740 etsi
1038 1712 1122 1741 non
1146 1703 1237 1741 tam
1261 1703 1355 1742 arta
1378 1699 1588 1742 affinitate
1613 1698 1822 1741 coniuncti

249 1767 297 1805 ut
329 1763 373 1804 in
406 1762 497 1805 aliis
533 1763 724 1818 operibus
758 1764 952 1807 uidimuS.
1005 1764 1157 1806 accidit
1191 1764 1301 1807 enim
1335 1778 1456 1807 cursu
1489 1769 1738 1820 temporum,
1773 1767 1822 1806 ut

249 1828 604 1871 contaminatione
621 1829 803 1884 quadam
820 1843 871 1870 ex
886 1829 969 1872 alia
982 1829 1024 1871 in
1041 1829 1166 1872 aliam
1181 1829 1384 1872 familiam
1400 1830 1602 1885 quiddam
1617 1828 1822 1872 mendosi-

248 1893 350 1936 tatis
382 1898 456 1936 aut
488 1894 690 1936 bonitatis
720 1894 935 1937 inferatur.
986 1908 1084 1937 nam
1117 1895 1367 1951 quicumque
1399 1909 1431 1937 e.
1466 1909 1523 1951 gr.
1557 1894 1717 1937 codices
1745 1893 1820 1936 OB

249 1959 552 2002 examinauerit
577 1959 698 2002 facile
724 1959 909 2002 inueniet
935 1960 984 2001 iis
1010 1960 1246 2003 innumeros
1274 1974 1427 2003 errores
1455 1973 1692 2003 communes
1719 1972 1818 2010 esse,

249 2023 299 2066 cf.
331 2025 421 2076 426,
450 2025 511 2066 18.
538 2026 628 2076 429,
657 2026 718 2068 19.
745 2026 835 2076 431,
865 2026 924 2068 15.
952 2027 1043 2077 432,
1071 2027 1105 2068 7.
1133 2026 1224 2080 436,
1251 2026 1313 2069 18.
1339 2026 1431 2077 458,
1457 2026 1519 2068 28.
1546 2026 1638 2076 464,
1665 2027 1699 2067 1.
1726 2024 1817 2074 478,

250 2091 310 2132 18.
330 2091 420 2141 482,
441 2091 501 2132 11.
520 2090 610 2141 495,
628 2092 691 2133 27.
710 2090 802 2141 508,
820 2092 882 2133 21.
901 2091 991 2142 529,
1009 2091 1033 2133 5
1050 2090 1102 2133 al.
1133 2090 1262 2133 iidem
1276 2095 1418 2133 tamen
1434 2091 1477 2133 in
1493 2091 1584 2134 aliis
1601 2090 1815 2139 differunt,

248 2155 298 2197 cf.
327 2155 417 2206 529,
446 2157 507 2198 27.
545 2156 636 2206 532,
666 2156 727 2198 18.
755 2155 846 2207 535,
876 2157 935 2198 10.
964 2156 1055 2207 544,
1084 2158 1118 2198 1.
1146 2156 1237 2208 567,
1264 2157 1301 2199 3.
1329 2157 1420 2207 569,
1450 2158 1510 2199 16.
1535 2155 1650 2198 OBV
1675 2154 1765 2205 479,
1790 2154 1816 2196 5

248 2221 426 2263 eundem
449 2233 627 2263 errorem
650 2222 889 2264 ostendunt.
932 2222 1044 2263 DEF
1064 2222 1107 2263 in
1130 2221 1398 2265 collocatione
1421 2222 1643 2264 uerborum
1664 2219 1815 2275 saepis-

247 2286 349 2327 sime
383 2286 649 2329 conueniunt.
701 2286 741 2329 D
774 2287 866 2337 514,
904 2289 964 2329 11.
1001 2288 1092 2338 526,
1128 2288 1179 2329 22
1215 2287 1323 2330 solus
1357 2287 1556 2342 genuinas
1590 2286 1812 2340 scripturas

247 2351 445 2402 seruauit,
467 2351 579 2394 idem
601 2352 692 2402 566,
719 2353 768 2394 14
791 2365 885 2394 cum
906 2352 939 2394 Ο
960 2352 1153 2395 foedatus
1176 2357 1250 2394 est.
1291 2353 1475 2395 codicem
1501 2352 1537 2395 V
1558 2363 1814 2406 quamquam

247 2421 387 2459 aetate
407 2420 563 2459 ceteros
581 2420 750 2472 superat
766 2422 907 2459 tamen
925 2417 1149 2472 peculiaria
1168 2418 1375 2472 quaedam
1394 2418 1545 2460 habere
1565 2429 1689 2471 supra
1707 2428 1816 2457 com-

247 2482 495 2525 monuimus,
555 2483 606 2525 de
640 2482 759 2524 codd.
792 2482 860 2524 GL
892 2483 934 2525 in
969 2495 1111 2525 eorum
1144 2482 1420 2537 descriptione
1453 2495 1560 2537 quae
1593 2481 1685 2524 usui
1718 2484 1816 2522 sunt

247 2547 567 2602 disputauimuS.
605 2561 711 2602 quae
731 2561 794 2589 res
815 2561 909 2590 cum
928 2548 989 2590 ita
1008 2551 1159 2598 essent,
1180 2561 1262 2590 non
1282 2561 1413 2590 unum
1432 2547 1614 2602 aliquem
1633 2545 1817 2589 codicem

247 2625 320 2667 pro
349 2612 624 2655 fundamento
655 2613 804 2656 criseos
833 2613 1069 2664 habuimus,
1099 2613 1172 2655 sed
1200 2612 1371 2668 singulis
1398 2612 1497 2655 locis
1526 2612 1581 2655 ad
1610 2623 1678 2654 eos
1706 2610 1817 2666 prin-

247 2678 434 2732 cipatum
467 2677 626 2720 deferre
658 2678 897 2730 statuimuS‚
932 2691 1108 2734 quorum
1139 2677 1336 2720 lectiones
1367 2677 1595 2720 maximam
1626 2674 1816 2719 ueritatis

247 2742 589 2796 probabilitatem
616 2755 715 2798 prae
743 2756 786 2785 se
813 2743 982 2786 ferrent.

248 2807 270 2848 b
356 2809 461 2850 Cum
485 2821 618 2864 neque
639 2808 684 2850 in
708 2808 890 2852 editione
914 2821 1021 2865 quae
1046 2807 1332 2852 Basileae
1356 2822 1393 2851 a.
1422 2807 1524 2851 1506
1548 2805 1705 2863 apud
1739 2804 1814 2849 Io.

247 2872 339 2914 Am
355 2886 375 2915 e
392 2886 411 2913 r
430 2873 455 2915 b
472 2886 535 2917 ac
551 2875 579 2917 h
595 2873 609 2916 i
626 2887 653 2916 u
670 2887 713 2916 m
748 2873 905 2929 prodiit
939 2887 1074 2930 neque
1102 2873 1146 2916 in
1175 2873 1398 2925 uolumine,
1425 2874 1536 2929 quod
1565 2874 1608 2917 ιε.
1635 2872 1660 2916 l.
1690 2873 1733 2913 et
1759 2869 1813 2913 a‘.
