2002 3256
826 263 1138 301 Praefatio.
1712 255 1777 298 XI

194 379 306 422 uiam
326 383 443 421 tenet
464 378 587 421 modo
611 377 687 419 RE
705 378 829 420 modo
852 376 968 418 LPV
990 381 1168 428 sectans,
1191 381 1233 419 et
1253 377 1521 419 (Jarnutensis
1539 378 1626 430 (60)
1641 378 1692 421 97
1716 379 1777 420 in-

193 445 327 500 signes
356 444 466 487 locos
495 444 798 499 comparandos
827 442 1078 486 curauimuS.

305 510 571 566 Quamquam
607 523 688 552 non
725 508 1008 552 dubitandum
1043 513 1120 558 est,
1157 508 1257 563 quin
1294 507 1464 563 aliquod
1499 509 1776 564 archetypum

192 575 318 619 fuerit
350 589 401 617 ex
431 589 513 631 quo
546 588 688 618 omnes
719 574 881 617 codices
912 574 1094 617 deriuati
1125 578 1236 624 sunt,
1283 574 1325 615 id
1358 575 1469 628 quod
1500 573 1658 617 lacunis
1690 588 1776 616 cor-

192 641 449 697 ruptelisque
470 641 612 684 multis
633 640 825 683 omnibus
846 640 1059 683 codicibus
1079 640 1370 682 communibus
1392 639 1611 691 euincitur,
1633 646 1773 683 tamen

192 721 287 750 suas
315 707 490 763 quisque
517 707 795 763 proprietates
822 719 920 761 prae
947 719 989 748 se
1015 705 1156 748 ferunt
1184 719 1291 761 quae
1320 710 1365 747 ut
1393 706 1433 747 in
1462 711 1597 748 certas
1625 706 1777 748 classes

192 773 500 816 distribuantur
525 773 809 816 dissuadeant.
853 771 1015 814 codices
1040 771 1115 813 LP
1140 776 1205 813 tot
1231 771 1329 813 locis
1356 784 1525 813 suarum
1550 771 1777 814 lectionum

192 839 496 894 praestantiam
531 838 816 894 probauerunt
850 837 920 893 (cf.
957 838 1047 888 239,
1086 839 1146 881 13.
1183 839 1274 887 242,
1310 838 1346 879 6.
1384 838 1474 887 250,
1514 839 1573 879 11.
1610 839 1700 888 282,
1736 839 1773 880 3.

192 905 282 955 286,
307 907 368 947 11.
392 906 482 955 287,
505 905 567 947 25.
591 905 682 955 297,
707 904 786 960 16),
809 908 856 946 ut
878 903 935 945 eis
956 903 1111 958 primas
1133 903 1295 945 deferre
1317 916 1398 945 non
1421 902 1775 953 ‹lubitaueriinus;

191 971 256 1013 hic
289 970 372 1012 illic
406 970 617 1014 aemulum
651 971 703 1013 de
738 969 976 1025 principatu
1010 969 1123 1011 nacti
1158 974 1256 1011 sunt
1292 970 1382 1011 eod.
1423 969 1467 1010 V.
1506 969 1578 1011 hos
1614 969 1776 1011 codices

192 1037 370 1092 pressius
394 1037 525 1079 secuti
550 1049 704 1079 sumus.
746 1036 817 1079 ubi
840 1035 882 1078 hi
907 1034 1192 1078 destituerunt
1212 1034 1281 1089 (cf.
1302 1035 1392 1085 281,
1415 1034 1495 1089 28),
1522 1036 1575 1077 ad
1599 1034 1776 1077 aliorum

192 1103 382 1145 codicum
402 1102 644 1144 testimonia
664 1102 825 1157 optima
844 1114 1034 1157 quaeque
1055 1114 1075 1142 e
1095 1100 1267 1156 singulis
1288 1106 1523 1156 repetentes
1545 1101 1777 1142 orationem

192 1168 450 1211 refinximus.

419 1281 495 1324 IV.
527 1281 588 1323 De
616 1285 764 1323 natura
793 1286 827 1323 et
856 1281 1009 1336 oriqine
1038 1281 1199 1323 animae
1229 1280 1322 1322 libri
1350 1284 1544 1334 quattuor.

305 1365 502 1415 Quaestio
535 1379 641 1421 quae
673 1370 736 1407 est
768 1365 820 1408 de
851 1369 1004 1408 natura
1035 1370 1077 1407 et
1109 1364 1264 1420 origine
1297 1364 1461 1406 animae
1494 1364 1776 1419 Augustinum

192 1444 274 1474 non
304 1431 444 1482 semel,
475 1432 547 1474 sed
577 1444 649 1486 per
677 1435 814 1473 totam
843 1431 928 1473 fere
958 1431 1092 1473 uitam
1122 1430 1319 1473 exercuit.
1365 1430 1407 1472 in
1439 1443 1561 1485 opere
1591 1430 1775 1485 quodam

192 1498 243 1539 de
261 1497 417 1553 origine
434 1497 598 1539 animae
616 1497 833 1539 hominum
850 1496 1121 1552 singulorum,
1140 1502 1283 1539 utrum
1301 1510 1352 1538 ex
1368 1495 1439 1538 illa
1457 1496 1579 1551 primi
1597 1496 1775 1538 hominis

192 1575 239 1605 ac
269 1563 420 1605 deinde
450 1576 500 1604 ex
530 1563 773 1617 parentibus
803 1567 1135 1618 propagarentur
1163 1576 1217 1604 an
1247 1562 1355 1605 sicut
1383 1561 1443 1603 illi
1474 1562 1544 1604 uni
1575 1562 1662 1603 sine
1692 1561 1779 1603 ulla

192 1628 490 1684 propagatione
522 1628 708 1684 singulae
740 1628 912 1683 singulis
945 1628 1158 1679 darentur,
1193 1641 1235 1669 se
1268 1628 1423 1670 nescire
1455 1627 1665 1670 confessus
1698 1632 1775 1677 est,

192 1707 338 1737 uerum
360 1699 502 1736 tamen
525 1707 567 1736 se
590 1694 693 1736 scire
715 1694 900 1736 animam
923 1707 1005 1736 non
1029 1707 1177 1749 corpus
1201 1708 1301 1744 esse,
1326 1694 1397 1736 sed
1421 1693 1628 1749 spiritum.
1669 1706 1776 1747 quae

192 1760 321 1803 uerba
351 1760 570 1803 Vincentio
602 1759 774 1811 Victori,
805 1760 947 1802 iuueni
977 1760 1020 1801 in
1051 1760 1314 1802 Mauretania
1346 1764 1460 1810 nato,
1492 1759 1564 1814 qui
1595 1763 1777 1800 sectator

194 1825 508 1880 Rogatistarum
535 1826 685 1877 fuerat,
724 1830 870 1882 postea
896 1830 1040 1868 autem
1067 1825 1296 1868 catholicae
1324 1824 1662 1875 communicauit,
1692 1838 1775 1865 non

193 1896 290 1934 sunt
312 1891 501 1947 probata.
527 1892 671 1947 itaque
689 1892 792 1935 duos
810 1891 934 1934 libros
953 1892 1007 1934 ad
1024 1891 1196 1933 Petrum
1214 1891 1505 1947 presbyterum
1524 1891 1773 1945 Hispanum,

192 1958 302 2012 apud
326 1971 449 2013 quem
472 1957 692 2012 Augustini
714 1957 840 2000 libros
861 1957 1032 2014 legerat,
1054 1958 1233 2012 scripsit,
1256 1957 1297 1999 in
1320 1957 1471 2012 quibus
1494 1957 1775 2011 Augustinum

193 2023 441 2066 nominatim
479 2023 758 2079 reprehendit,
798 2024 911 2079 quod
948 2028 1155 2066 tractatus
1194 2023 1256 2065 sui
1294 2023 1495 2065 iudicium
1534 2023 1774 2064 deuorasset

192 2102 326 2144 neque
346 2102 388 2131 se
408 2103 527 2145 posse
547 2089 695 2131 exhinc
715 2089 875 2144 aliquid
895 2089 1173 2131 determinare
1194 2088 1400 2143 professus
1422 2092 1529 2129 esset
1549 2088 1659 2142 (pag.
1682 2087 1773 2136 381,

192 2155 229 2196 5.
248 2155 302 2208 6).
338 2155 411 2196 hos
429 2154 637 2197 Vincentii
654 2154 833 2197 Victoris
849 2154 975 2196 libros
995 2154 1183 2197 Renatus
1202 2154 1442 2203 monachus,
1461 2155 1584 2196 homo
1603 2153 1774 2207 quidem

192 2219 334 2271 laicus,
359 2221 431 2263 sed
456 2220 696 2262 firmissima
720 2220 819 2271 fide,
846 2220 1068 2275 diligenter
1093 2220 1322 2275 descriptos
1348 2220 1561 2269 Caesarea,
1589 2218 1659 2260 ubi
1686 2231 1775 2259 uer-

194 2285 378 2336 sabatur,
425 2290 587 2328 aestate
633 2286 731 2328 anni
777 2286 855 2329 419
901 2286 1142 2341 Hipponem
1187 2285 1434 2335 transmisit,
1482 2298 1585 2340 quos
1631 2289 1772 2325 tamen

193 2351 465 2406 Augustinus,
520 2351 633 2407 quod
676 2350 838 2407 longius
882 2352 1031 2394 absens
1075 2351 1227 2402 fuerat,
1274 2357 1477 2394 autumno
1521 2350 1631 2392 illius
1676 2349 1774 2390 anni

194 2417 366 2472 accepit.
414 2417 447 2459 is
480 2417 688 2472 opusculis
718 2417 836 2460 lectis
866 2416 1020 2460 librum
1051 2418 1232 2473 primum
1263 2417 1317 2458 ad
1352 2416 1564 2458 Renatum
1595 2414 1772 2469 scripsit.

192 2481 346 2525 librum
385 2483 616 2525 secundum
657 2482 860 2538 epistulae
901 2482 1036 2526 forma
1076 2482 1313 2525 confectum
1355 2482 1409 2524 ad
1450 2481 1622 2522 Petrum
1664 2493 1774 2534 pres-

194 2547 390 2603 byterum
413 2548 579 2591 direxit.
619 2548 705 2591 iam
726 2549 769 2591 in
792 2550 872 2592 hoc
894 2548 999 2592 libro
1023 2548 1135 2605 (pag.
1160 2549 1252 2598 341,
1277 2548 1320 2603 9)
1342 2547 1507 2602 aperuit
1531 2560 1574 2587 se
1597 2546 1651 2587 ad
1676 2545 1774 2586 Vin-

194 2613 379 2656 centium
405 2613 616 2657 Victorem
642 2614 779 2669 ipsum
806 2614 984 2657 scribere
1010 2614 1128 2657 uelle.
1173 2613 1285 2668 quod
1313 2612 1530 2655 consilium
1556 2611 1773 2665 aliquanto

195 2683 303 2734 post,
338 2679 381 2721 id
415 2684 478 2722 est
511 2679 631 2722 initio
664 2680 764 2722 anni
798 2680 878 2723 420
911 2693 1007 2722 eum
1041 2684 1284 2722 exsecutum
1318 2691 1405 2720 esse
1440 2676 1662 2720 uerisimile
1696 2679 1770 2717 est.

302 2743 394 2787 Hoc
416 2743 506 2788 loco
531 2745 584 2788 de
606 2744 733 2788 titulo
757 2746 907 2788 horum
929 2744 1131 2788 librorum
1155 2757 1290 2800 pauca
1313 2743 1443 2786 uerba
1466 2742 1568 2784 addi
1592 2745 1771 2796 oportet.

193 2809 237 2852 in
271 2809 377 2853 libro
416 2809 783 2854 Retractationum
818 2810 889 2866 (cf.
928 2824 1021 2867 pag.
1060 2810 1156 2865 420)
1193 2822 1335 2852 eorum
1372 2807 1521 2851 titulus
1558 2806 1770 2849 scribitur:

194 2874 256 2918 De
282 2875 422 2918 anima
447 2879 482 2918 et
507 2876 595 2919 eius
621 2876 774 2932 origine
799 2875 894 2918 libri
919 2879 1103 2931 quattuor
1128 2880 1171 2918 et
1197 2888 1291 2930 pag.
1322 2874 1411 2925 125,
1439 2874 1464 2916 9
1490 2873 1573 2927 (ed.
1604 2870 1775 2925 Knoell)
