1976 3210
155 968 193 997 10

152 1299 188 1326 15

147 1627 189 1657 20

6 1839 186 2014 15

8 2415 14 2443 -,
9 2388 13 2391 ,
8 2358 13 2361 .
6 2095 16 2334 -w-..,

845 246 921 282 cup.
958 236 1012 277 19,
1045 235 1177 271 32-34
1732 223 1808 265 187

221 363 402 407 heudi
446 375 673 405 manum
717 374 930 410 eorum,
973 366 1034 402 ut
1077 360 1334 403 eicerem
1378 374 1474 402 eos
1517 360 1582 402 de
1632 364 1798 401 terra

223 431 254 472 A
274 443 379 484 city
398 429 501 484 pti,
537 428 632 470 uide
665 427 764 483 quid
798 426 1011 470 adiunxit:
1047 426 1187 481 quia
1229 426 1349 482 ipsi
1383 440 1407 468 n
1428 439 1494 467 on
1528 438 1744 480 perseu
1765 440 1803 466 e-

222 499 520 538 rauerunt
564 494 619 536 in
663 498 1049 535 testamento
1092 506 1225 534 meo.
1271 492 1376 533 uitio
1420 505 1561 533 eorum
1605 491 1798 546 deputat.

221 563 330 617 quod
355 562 395 603 in
419 565 673 602 testamento
694 559 760 601 dei
782 572 863 600 non
887 563 1217 614 permanserunt.
1241 571 1292 599 ne
1314 557 1391 605 lex,
1415 571 1542 612 quam
1565 563 1666 599 tunc
1688 569 1801 598 accc-

219 633 383 683 peruut.
407 626 617 681 culpanda
639 625 843 667 uideatur.
870 625 960 679 ipsa
983 630 1044 666 est
1067 623 1191 671 enim,
1217 637 1342 679 quam
1369 637 1449 665 non
1475 623 1591 665 uenit
1615 622 1802 664 Christus

220 693 389 739 soluere,
409 693 480 734 sed
500 691 669 747 inplere,
690 704 771 733 non
792 696 933 732 tamen
955 703 1027 745 per
1045 690 1219 731 eandem
1240 689 1369 742 legem
1391 688 1630 731 iustificatis
1651 688 1802 743 impiis,

219 760 288 801 sed
311 772 381 814 per
399 758 598 811 gratiam;
620 758 698 799 boc
719 757 874 812 quippe
894 756 980 809 agit
1002 755 1222 798 uiuificans
1243 755 1429 810 spiritus,
1451 755 1539 796 sine
1560 768 1642 809 quo
1666 754 1802 795 littera

220 826 384 867 occidit.
422 824 467 865 si
511 823 661 865 enim
697 823 840 865 data
877 827 1040 863 esset
1076 821 1183 868 lex.
1221 835 1370 876 quae
1405 825 1618 875 posset
1654 819 1802 861 uiui-

219 891 427 939 ficare,
493 889 732 931 omnino
796 902 860 930 ex
923 888 1053 941 lege
1116 894 1279 928 esset
1344 886 1618 928 iustitia.
1696 886 1795 926 sed

220 955 538 999 conclusit
597 954 918 1009 scriptura
978 953 1175 995 omnia
1234 952 1340 995 sub
1400 956 1673 1007 peccato,
1739 959 1799 992 ut

219 1021 552 1078 promissio
604 1034 669 1062 ex
720 1020 847 1062 fide
902 1020 1034 1062 lesu
1088 1019 1325 1061 christi
1378 1019 1637 1060 daretur
1689 1031 1800 1058 crc-

220 1090 245 1130 d
265 1103 285 1129 c
303 1103 327 1130 ιι
348 1094 363 1129 t
383 1088 394 1129 i
413 1087 437 1129 b
457 1101 481 1129 ιι
499 1101 529 1128 s.
565 1100 616 1128 ex
648 1087 725 1128 hac
758 1085 1042 1141 promissione,
1077 1085 1154 1127 hoc
1187 1091 1247 1126 est
1282 1098 1332 1126 ex
1365 1084 1430 1126 dei
1463 1083 1678 1133 beneficio,
1713 1083 1801 1137 ipsa

217 1154 283 1196 lex
309 1153 504 1209 inpletur,
532 1152 619 1194 sine
646 1165 730 1207 qua
756 1151 1026 1207 promissione
1053 1151 1406 1206 praeuaricatores
1433 1149 1535 1191 facit
1570 1148 1634 1191 uel
1672 1162 1802 1203 usquo

218 1221 269 1263 ad
296 1219 493 1262 effectum
520 1217 619 1260 mali
645 1218 791 1272 operis,
819 1218 852 1259 si
877 1217 1004 1259 etiam
1031 1215 1227 1271 repagula
1252 1216 1416 1257 timoris
1442 1214 1802 1270 concupiscentiae

219 1286 389 1328 flamma
419 1283 736 1332 transcenderit,
766 1283 831 1326 uel
859 1288 968 1325 certe
996 1283 1038 1324 in
1068 1282 1153 1324 sola
1183 1281 1415 1329 uoluntate,
1437 1281 1471 1322 si
1499 1281 1625 1322 timor
1645 1294 1802 1335 poenae

217 1351 472 1393 suauitatem
495 1349 680 1392 libidinis
703 1349 861 1391 uicerit.
888 1349 999 1404 quod
1024 1348 1133 1389 enim
1158 1348 1237 1389 ait:
1262 1361 1282 1389 c
1301 1362 1323 1389 o
1341 1361 1366 1389 n
1386 1361 1406 1388 c
1424 1346 1435 1387 l
1455 1361 1479 1389 ιι
1498 1360 1515 1387 s
1533 1347 1544 1388 i
1563 1352 1580 1388 t
1619 1360 1636 1387 s
1654 1359 1674 1387 c
1692 1359 1711 1386 ι·
1728 1345 1739 1386 i
1756 1359 1801 1400 p-

219 1424 354 1459 tura
397 1416 592 1458 omnia
631 1415 737 1457 sub
777 1419 1048 1470 peccato,
1099 1419 1160 1456 ut
1199 1413 1531 1468 promissio
1571 1426 1636 1454 ex
1673 1411 1801 1453 sido

225 1484 355 1524 lesu
419 1481 658 1524 Christi
718 1481 976 1523 daretur
1036 1478 1459 1529 credentibus,
1530 1478 1659 1533 ipsius
1705 1490 1801 1519 eon-

216 1548 410 1590 clusionis
431 1547 591 1590 utilitas
612 1546 726 1588 dicta
746 1551 819 1589 est.
844 1560 939 1588 nam
964 1544 1191 1587 *conclusit‘
1214 1545 1266 1586 ad
1289 1558 1392 1600 quos
1413 1557 1524 1591 usus,
1555 1544 1633 1585 nisi
1658 1556 1801 1598 quem-

216 1615 442 1657 admodum
463 1612 739 1667 alibidicittp
757 1612 847 1654 riu
866 1626 883 1654 s
914 1617 1114 1654 autem
1144 1624 1314 1666 quam
1346 1625 1371 1652 u
1390 1624 1454 1652 en
1473 1610 1483 1651 i
1502 1615 1593 1651 ret
1622 1609 1797 1658 fides,

216 1680 482 1733 sublege
511 1678 1027 1720 custodiebamur
1055 1676 1339 1718 conclusi
1370 1676 1425 1717 in
1457 1689 1577 1717 eam
1612 1675 1795 1716 fidem

216 1760 366 1802 quae
418 1750 636 1800 postea
687 1743 975 1786 reuelatav
1026 1742 1149 1784 est?
1202 1741 1267 1784 lex
1320 1756 1414 1795 ergo
1467 1742 1568 1783 data
1620 1746 1695 1788 est,
1750 1746 1794 1781 ut

213 1811 349 1866 gratia
375 1815 654 1866 quaereretur,
681 1810 815 1864 gratia
842 1810 943 1851 data
970 1814 1045 1858 est,
1074 1813 1121 1850 ut
1158 1807 1223 1850 lex
1258 1807 1496 1863 inpleretur.
1526 1820 1661 1861 neque
1688 1806 1796 1847 enim

214 1892 288 1920 suo
324 1877 426 1919 uitio
462 1890 544 1918 non
578 1875 817 1931 inplebatur
851 1874 929 1925 lex,
965 1874 1035 1916 sed
1072 1874 1176 1916 uitio
1211 1873 1458 1929 prudentiae
1492 1872 1640 1914 carnis.
1684 1871 1794 1926 quod

216 1943 365 1985 uitium
403 1956 475 1997 per
510 1942 641 1995 legem
678 1941 1065 1987 demonstrandum,
1105 1953 1177 1994 per
1205 1939 1385 1994 gratiam
1422 1939 1656 1981 sanandum
1695 1937 1795 1986 fuit;

216 2009 371 2064 quod
422 2008 575 2050 enim
623 2005 1008 2062 inpossibile
1056 2011 1190 2047 erat
1238 2005 1408 2058 legis,
1458 2004 1513 2045 iu
1562 2017 1674 2058 quo
1722 2003 1796 2044 iu-

216 2073 597 2116 firmabatur
661 2086 762 2128 per
824 2085 1078 2120 carnem,
1144 2070 1314 2112 misit
1379 2070 1523 2111 deus
1588 2068 1795 2110 filium

306 2229 327 2261 5
343 2228 385 2263 cf.
402 2227 532 2263 Matth.
547 2227 579 2267 5,
598 2228 636 2262 17
756 2227 777 2262 8
794 2225 873 2262 Gal.
887 2227 919 2267 3,
935 2226 988 2261 21.
1004 2227 1045 2260 22
1159 2226 1200 2261 16
1218 2224 1295 2260 Gal.
1310 2225 1343 2265 3,
1358 2224 1399 2258 22
1530 2224 1572 2258 2⁴1)
1594 2222 1673 2258 Gal.
1690 2223 1722 2263 3,
1746 2223 1790 2257 23

215 2290 257 2324 22
273 2287 574 2323 lex—sanandum
596 2285 678 2332 fuit]
699 2286 742 2322 cf.
763 2285 923 2332 Prosperi
946 2284 1118 2331 Aquitani
1138 2288 1228 2322 sent.
1254 2295 1297 2318 ex
1322 2285 1410 2329 Aug.
1437 2283 1541 2318 delib.
1573 2283 1718 2328 (L1434
1740 2282 1788 2322 Μ)

217 2350 260 2384 26
285 2349 387 2384 Rom.
409 2349 441 2389 8,
460 2349 514 2383 34

309 2441 323 2474 l
343 2437 526 2473 educerem
541 2436 563 2470 d
694 2438 715 2471 4
731 2438 1046 2482 perseuerauerunt
1059 2435 1078 2470 b
1215 2444 1278 2470 nec
1292 2434 1322 2469 0
1456 2434 1477 2467 5
1493 2433 1568 2479 ipsa
1584 2431 1677 2467 enim
1693 2435 1745 2466 est
1761 2431 1789 2465 L

217 2498 239 2534 6
257 2497 439 2542 implerem
454 2496 483 2531 C
554 2499 573 2533 7
587 2496 702 2543 gratia
711 2495 768 2531 SG
829 2495 904 2541 agit
914 2496 950 2541 (g
960 2495 1027 2538 ελ.)
1041 2494 1073 2530 Ρ
1121 2495 1142 2529 8
1152 2497 1205 2529 est
1215 2494 1245 2529 C
1296 2492 1407 2540 possit
1418 2493 1484 2528 LK
1557 2493 1600 2528 10
1616 2491 1789 2528 conclusit.

217 2557 337 2593 omnia
349 2556 523 2602 scriptura
536 2557 628 2592 SPG
638 2556 656 2591 b
734 2554 1027 2601 scriptura-fide
1040 2554 1080 2590 in
1094 2554 1245 2600 quml
1331 2555 1367 2589 11
1389 2563 1433 2587 ex
1449 2552 1519 2588 ride
1535 2564 1598 2587 om.
1611 2551 1678 2591 SG,
1696 2551 1747 2586 sl.
1762 2551 1792 2584 Ι)

218 2618 260 2653 12
273 2628 326 2662 pr.
342 2615 400 2663 ex]
415 2620 453 2652 et
465 2616 498 2651 T
628 2617 669 2652 13
685 2615 892 2669 impleretur
903 2615 934 2650 Τ
1081 2613 1160 2650 sina
1172 2614 1258 2650 Oml
1399 2614 1439 2648 14
1453 2615 1532 2647 ame
1545 2612 1590 2646 ad
1607 2621 1690 2646 eras
1708 2610 1751 2645 ad
1764 2613 1790 2642 S

218 2675 355 2712 timoris
370 2679 408 2712 et
421 2686 569 2722 concup.
586 2675 605 2710 b
764 2675 806 2711 15
821 2674 1086 2711 transcenderet
1097 2674 1116 2709 b
1278 2672 1411 2708 uean
1571 2673 1608 2706 17
1625 2680 1744 2704 omnes
1754 2670 1784 2704 Ο

218 2736 262 2773 19
273 2736 320 2772 ad
340 2735 436 2782 quod
452 2735 482 2771 Ο
666 2735 711 2771 20
725 2734 931 2781 priusquam
949 2738 1071 2770 autem
1089 2733 1112 2768 d
1283 2733 1322 2768 21
1343 2731 1566 2768 conclusione
1580 2742 1601 2765 a
1619 2729 1688 2764 fide
1700 2729 1785 2764 Oml

213 2795 363 2832 eandem
377 2793 397 2830 b
516 2795 560 2831 22
574 2805 656 2841 ergo
671 2806 735 2830 om.
753 2795 901 2839 Prosper
1003 2795 1047 2830 23
1060 2793 1177 2840 gratia
1192 2796 1314 2828 autem
1330 2792 1416 2827 data
1432 2791 1524 2826 cstO
1646 2790 1687 2824 24
1703 2799 1782 2834 pru-

217 2854 340 2893 dentia
349 2855 434 2891 Lml
541 2854 584 2890 26
597 2853 802 2901 inpossiniie
817 2854 856 2898 (n
872 2853 980 2898 s.1.)o
1084 2852 1154 2900 legi
1168 2853 1188 2889 b
