2028 3204
230 155 310 199 352
662 165 721 201 1v.
754 165 807 202 De
837 169 966 202 natura
995 168 1033 202 et
1060 165 1191 212 origine
1221 166 1360 202 animae

224 291 295 333 sed
330 291 479 333 merito
514 290 782 332 inoboediens
815 290 1095 333 misericordia
1129 290 1196 333 uel
1228 291 1457 334 misericors
1490 291 1800 336 inoboedientia

225 356 449 411 reprobata
476 360 604 411 atque
632 356 834 398 damnata
863 360 937 406 est,
968 360 1015 398 ut
1044 360 1192 399 caueat
1219 356 1357 408 homo,
1387 370 1438 399 ne
1466 356 1520 399 ab
1547 356 1617 400 illo
1643 358 1799 400 miseri-

225 422 407 464 cordiam
436 426 646 463 mereatur
673 421 797 463 homo
827 426 972 463 contra
1000 421 1085 463 eius
1112 422 1378 473 sententiam,
1408 436 1433 465 a
1461 435 1543 478 quo
1571 422 1708 465 factus
1735 428 1799 466 est

223 487 360 529 homo.
402 487 568 529 intonat
608 499 681 541 per
719 499 762 528 os
796 486 950 541 proprii
984 487 1164 542 corporis
1204 487 1376 530 ueritas:
1417 486 1466 530 si
1508 487 1645 542 quis
1686 499 1799 531 non

224 556 483 594 renatus
524 551 723 594 fuerit
763 565 826 594 ex
868 564 1022 606 aqua
1054 556 1111 594 et
1145 551 1398 607 spiritu,
1433 566 1549 595 non
1582 558 1798 609 potest
1823 566 1844 596 5

224 616 496 660 introire
555 617 613 659 in
662 629 909 670 regnum
956 616 1067 661 dei.
1128 622 1256 673 atque
1295 623 1344 660 ut
1384 618 1437 660 ab
1477 618 1555 661 hac
1588 619 1797 662 sententia

226 687 420 738 exceptos
467 687 672 738 martyres
717 683 857 733 faciat,
905 682 1055 737 quibus
1101 683 1320 738 contigerit
1375 688 1472 726 ante
1518 697 1592 739 pro
1647 684 1797 726 Christi

225 749 390 791 nomine
433 748 562 790 occidi
605 761 730 803 quam
774 748 924 790 Christi
967 748 1220 803 baptismate
1262 748 1375 799 dilui,
1418 749 1519 790 dicit
1565 748 1644 791 alio
1688 749 1795 792 loco:

221 812 322 868 qui
379 812 744 868 perdiderit
811 813 1069 856 animam
1139 826 1303 857 suam
1379 818 1638 870 propter
1702 827 1795 867 me,

225 878 282 920 in
300 893 325 921 u
343 892 364 921 e
382 893 409 921 n
427 877 440 919 i
457 892 478 920 e
494 883 514 921 t
571 892 592 921 e
609 891 633 920 a
649 892 702 922 m.
754 884 795 921 et
843 892 893 920 ne
942 879 1150 934 cuiquam,
1209 880 1280 934 qui
1327 893 1408 922 non
1457 884 1625 922 renatus
1672 879 1796 922 fuerit
1826 892 1869 922 to

225 944 474 987 christianae
510 944 609 986 fidei
644 944 823 995 lauacro,
860 945 1134 999 promittatur
1172 945 1331 1000 peceati
1370 944 1578 1000 originalis
1609 945 1796 997 abolitio,

226 1009 380 1052 clamat
439 1009 670 1064 apostolus:
733 1023 835 1065 per
890 1009 1068 1053 unius
1124 1010 1427 1052 delictum
1485 1010 1540 1052 in
1593 1023 1797 1054 omncs

225 1074 501 1117 homines
551 1075 619 1118 ad
670 1074 1265 1118 condemnationem.
1318 1081 1464 1118 eontra
1517 1089 1642 1131 quam
1701 1089 1798 1118 con-

224 1141 533 1183 demnationem
579 1141 771 1183 dominus
817 1154 946 1183 unum
994 1153 1079 1182 esse
1125 1142 1346 1183 ostendens
1389 1141 1534 1183 salutis
1578 1141 1796 1184 auxilium:

224 1206 324 1261 qui
382 1205 752 1257 crediderit,
810 1206 959 1261 inquit,
1018 1210 1074 1248 et
1142 1205 1512 1261 baptizatus
1582 1206 1794 1255 fuerit,
1827 1219 1866 1248 15

223 1271 437 1314 saluus
492 1272 637 1322 erit;
690 1270 790 1327 qui
846 1278 1048 1315 autem
1095 1284 1209 1314 non
1258 1271 1624 1323 crediderit,
1674 1285 1797 1314 con-

223 1337 249 1378 d
270 1351 290 1379 e
307 1351 349 1379 m
367 1351 394 1379 n
413 1350 437 1379 a
455 1337 480 1379 b
499 1336 511 1377 i
529 1342 547 1379 t
564 1352 590 1380 u
609 1350 641 1380 r.
687 1337 802 1379 cuius
835 1337 1079 1392 mysterium
1115 1332 1371 1380 credulitatis
1412 1338 1454 1379 in
1498 1337 1682 1392 paruulis
1724 1351 1797 1392 per

225 1416 366 1445 eorum
388 1403 696 1457 responsionem
719 1417 744 1445 a
766 1403 916 1457 quibus
936 1407 1155 1458 gestantur
1175 1402 1369 1458 inpletur,
1392 1416 1456 1454 ne,
1474 1403 1509 1444 si
1530 1402 1689 1445 factum
1712 1416 1793 1445 non

225 1468 362 1519 fuerit,
384 1473 480 1510 eant
517 1482 567 1509 ex
603 1481 685 1510 uno
703 1482 844 1510 omnes
879 1468 922 1510 in
958 1468 1359 1511 condemnationem.
1397 1473 1438 1510 et
1473 1472 1615 1510 tamen
1652 1473 1797 1511 contra

224 1539 313 1576 tam
350 1533 592 1576 manifestas
628 1547 761 1584 uoces,
798 1547 901 1589 quas
935 1534 1114 1575 concinit
1140 1534 1306 1584 ueritas,
1332 1533 1518 1588 procedit
1543 1533 1583 1575 in
1609 1533 1791 1575 medium
1819 1546 1863 1575 20

226 1599 356 1653 magis
394 1611 561 1641 uaecors
593 1612 718 1654 quam
747 1599 974 1641 misericors
1003 1599 1168 1641 uanitas
1198 1604 1238 1640 et
1267 1599 1387 1640 dicit:
1431 1612 1514 1641 non
1547 1597 1677 1642 solum
1708 1612 1791 1641 non

222 1669 315 1706 eunt
353 1665 399 1706 in
435 1663 734 1707 damnationem
771 1663 950 1718 paruuli,
994 1665 1068 1706 etsi
1107 1663 1266 1706 nullum
1307 1677 1370 1706 eos
1413 1664 1654 1707 christianae
1693 1662 1795 1716 fidei

223 1728 432 1773 lauaerum
449 1745 474 1773 a
490 1728 654 1772 uinculo
671 1730 822 1783 peccati
838 1728 1059 1784 oriqinalis
1085 1728 1276 1780 absoluat,
1305 1742 1446 1771 uerum
1464 1729 1583 1771 etiam
1605 1727 1794 1782 felicitate

222 1794 410 1848 paradisi
428 1799 516 1848 post
536 1799 698 1837 mortem
721 1795 882 1837 interim
899 1795 1175 1849 perfruuntur,
1202 1799 1289 1848 post
1311 1794 1633 1837 resurrectionem
1658 1798 1790 1837 autem

221 1861 341 1903 etiam
366 1860 479 1915 reqni
496 1859 693 1904 caelorum
711 1860 937 1914 felicitatem
963 1859 1231 1914 possidebant.
1257 1860 1357 1902 haec
1377 1860 1454 1902 iste
1474 1865 1620 1902 contra
1646 1859 1787 1902 eatho-
1813 1872 1855 1902 25

222 1925 342 1968 licam
366 1925 703 1968 fundatissimam
720 1926 847 1968 fidem
864 1925 1068 1980 numquid
1086 1926 1219 1968 dicere
1242 1926 1425 1976 auderet,
1450 1926 1482 1967 si
1505 1925 1790 1980 quaestionem

223 1990 466 2034 soluendam
493 1992 543 2034 de
569 1991 732 2034 animae
759 1992 912 2047 origine
938 1991 1044 2034 uires
1069 2004 1164 2034 suas
1191 1991 1458 2033 excedentem
1483 1991 1687 2046 suscipere
1713 2004 1795 2033 non

229 2056 432 2099 auderet?

330 2121 455 2164 XIII.
490 2123 551 2164 18.
585 2121 814 2164 Horrendis
846 2126 907 2164 est
939 2122 1048 2164 enim
1079 2126 1291 2164 coartatus
1323 2121 1522 2177 angustiis
1554 2120 1606 2164 ab
1638 2121 1694 2163 eis
1725 2121 1795 2176 qui

221 2186 385 2229 dicunt:
431 2201 500 2229 cur
527 2187 622 2230 deus
650 2188 831 2229 animam
858 2191 938 2229 tam
965 2187 1121 2229 iniusta
1147 2186 1494 2229 animaduersione
1519 2185 1721 2236 multauit,
1750 2190 1793 2228 nt
1819 2196 1862 2228 3ο

315 2283 335 2316 4
366 2281 439 2316 Ioh.
468 2282 501 2322 3,
525 2280 546 2315 5
648 2281 670 2316 9
694 2281 823 2317 Matth.
849 2282 901 2323 10,
924 2281 969 2317 39
1070 2281 1111 2316 12
1137 2281 1240 2316 Rom.
1267 2280 1300 2322 5,
1330 2280 1370 2315 18
1460 2279 1502 2315 15
1528 2280 1635 2315 Maro.
1667 2279 1721 2320 16,
1754 2278 1795 2315 16

223 2341 261 2377 21
286 2340 384 2376 Vino.
406 2340 528 2376 Victor
617 2337 661 2376 30
673 2339 780 2383 idem;
794 2341 839 2376 cf.
854 2352 933 2387 pag.
948 2340 1027 2382 308,
1040 2340 1130 2376 3—ss

308 2412 330 2447 5
346 2411 453 2447 fuerit
466 2415 610 2447 renatus
624 2413 646 2447 d
688 2411 793 2447 fuerit
806 2423 870 2448 om.
886 2411 976 2447 BCG
1019 2413 1139 2458 potest
1147 2421 1211 2447 mn.
1223 2411 1257 2446 D
1287 2409 1308 2446 6
1318 2409 1524 2446 introibitD
1560 2411 1579 2446 7
1594 2411 1744 2455 excepto
1754 2409 1787 2444 A

229 2481 293 2517 pro
307 2482 371 2507 om.
383 2472 415 2506 Ε
489 2474 510 2507 8
525 2470 661 2508 hoecidi
671 2473 703 2506 A
789 2471 824 2506 in
841 2470 911 2506 alio
921 2471 952 2506 E
1038 2472 1080 2507 13
1095 2471 1154 2506 alt.
1172 2469 1437 2506 damnationem
1452 2469 1484 2504 B
1495 2468 1786 2516 dapnationemG

226 2533 265 2566 14
286 2541 323 2565 os
329 2530 444 2567 tendit
453 2531 485 2566 E
575 2531 617 2566 16
633 2530 766 2577 autem]
781 2541 864 2566 uero
875 2530 918 2566 bd
1006 2529 1193 2566 crediderit
1205 2529 1260 2565 m2
1275 2540 1317 2565 ex
1329 2527 1506 2565 dederitF
1597 2529 1637 2564 17
1653 2527 1742 2564 Vius
1753 2529 1787 2562 A

224 2591 266 2626 18
279 2601 322 2625 ne
337 2590 381 2637 si]
393 2588 500 2626 nisiG
546 2601 616 2626 non
631 2591 723 2626 om.G
772 2591 813 2625 19
827 2589 863 2625 in
881 2590 982 2625 om.A
1027 2591 1068 2626 21
1084 2599 1204 2626 uecors
1219 2588 1342 2625 BEFG
1395 2589 1439 2624 253
1453 2586 1631 2635 originalis
1649 2586 1788 2633 peccati

228 2648 394 2686 BCFde
437 2648 642 2685 felicitatem
656 2648 748 2685 BCG
786 2650 829 2685 24
842 2648 977 2695 autem]
986 2659 1070 2685 uero
1080 2649 1122 2684 bd
1167 2647 1208 2684 25
1219 2646 1439 2694 felicitatem]
1450 2646 1708 2683 beatitudinem
1720 2644 1786 2681 ΑΕ

225 2708 396 2745 felicitate
410 2709 439 2744 C'
528 2710 573 2745 30
587 2708 752 2745 dominus
763 2709 795 2744 Ε
881 2708 971 2755 tam]
986 2708 1063 2745 add.
1078 2707 1314 2744 inimiotamG
1360 2728 1361 2731 =
1404 2704 1746 2748 animaduersionem
1759 2704 1788 2740 Ο

221 2767 528 2804 animaduersione
540 2769 569 2805 G
