2028 3204
200 209 278 252 654

204 333 362 367 effector:
382 334 496 375 potest
517 327 688 373 perfectus
706 335 778 359 esse
797 323 953 358 iustitiae

249 389 415 435 cognitor,
438 387 589 422 nondum
613 384 784 430 perfectus
805 382 948 417 effector

252 449 264 483 1
290 450 343 489 95,
371 450 398 482 1.
552 439 554 441 ’

202 509 349 543 effectus
383 505 416 540 II
449 505 522 546 128,
555 506 584 539 2.
620 505 692 543 138,
725 503 776 536 21.
811 502 885 542 147,
917 501 947 535 2.

251 568 324 607 183,
345 568 372 600 1.
394 566 469 606 250,
490 566 540 599 11.
563 562 577 597 1
598 564 671 601 108,
691 563 721 596 7.
744 561 817 602 125,
838 561 877 595 17
892 562 948 593 cet.

204 626 325 661 effero:
340 623 465 659 extulit
477 634 548 657 sese
559 622 779 667 aliquantum
793 619 956 654 uoluntas

252 685 284 719 ΙΙ
307 686 360 724 93,
388 684 437 718 15.

205 744 361 779 efficacia
393 746 531 776 nostrae
563 739 758 775 uoluntatis
792 738 805 772 Ι
839 739 892 779 77,
927 740 954 772 l.

204 803 393 838 efficaciter
418 800 578 835 restitisti
606 799 639 833 ll
667 800 742 839 213,
769 799 798 833 2.

205 863 347 897 efficax:
362 872 430 895 non
442 860 619 894 efficacem
633 857 839 903 (praecepti)
854 856 866 890 I
879 856 955 897 436,

253 924 302 956 14.
320 919 563 955 efficacissima
582 922 756 963 potestate
776 916 790 950 Ι
808 916 884 957 455,
903 917 955 951 27.

205 980 414 1016 efficientiae.
436 978 595 1024 potentia
618 975 831 1022 operationis
853 975 957 1009 inter-

252 1039 347 1074 uenit
374 1038 409 1072 II
434 1039 509 1078 264,
538 1039 587 1072 14.

206 1099 403 1134 efficiantur
421 1097 473 1142 (z
492 1097 596 1140 fiant)
615 1095 734 1130 fideles
755 1094 770 1128 Ι
800 1095 874 1135 149,
905 1095 955 1129 13.

250 1169 322 1192 cum
349 1168 414 1192 acc.
442 1159 471 1190 el
495 1157 559 1199 inf.
589 1155 602 1189 I
628 1155 704 1195 306,
732 1155 784 1189 26.

206 1218 362 1262 effigiata
375 1215 615 1250 substantialis
625 1213 773 1259 (anima)
789 1213 802 1247 I
814 1214 890 1255 399,
903 1214 954 1248 27.

206 1278 333 1311 effossa
357 1277 458 1310 subst.
486 1274 501 1308 l
525 1275 601 1316 537,
628 1275 679 1309 23.

206 1336 360 1371 effossio:
399 1334 569 1379 numquid
606 1334 689 1368 haec
726 1343 787 1378 pro
823 1331 957 1367 meritis

251 1395 445 1429 effossionis
469 1393 575 1428 suae?
606 1393 619 1427 Ι
644 1394 720 1433 537,
747 1392 798 1427 25.

207 1455 398 1489 effrenatus
422 1454 514 1488 calor
541 1453 574 1487 II
602 1453 675 1494 199,
704 1453 753 1487 17.

206 1514 369 1559 effulgeo:
416 1513 513 1547 tarde
556 1512 689 1558 gratiae
732 1511 787 1546 dei
829 1521 957 1545 munus

252 1573 382 1608 effulsit
412 1572 443 1606 II
470 1573 544 1613 102,
572 1573 622 1607 19.

207 1633 358 1667 effundit
389 1632 580 1666 orationem
615 1630 650 1665 ll
679 1631 734 1672 68,
766 1631 818 1665 20.
862 1629 957 1675 quod

252 1692 464 1726 effundendo
501 1690 699 1725 reddideras
737 1689 753 1724 I
788 1690 865 1731 364,
904 1690 955 1724 19.

207 1763 340 1796 egerere
357 1751 448 1796 (opp.
466 1751 617 1796 ingerere
634 1749 765 1794 )cibum
782 1752 816 1784 et
833 1751 956 1794 potum

256 1810 268 1844 I
294 1812 370 1851 363,
395 1812 447 1845 21.
474 1811 526 1845 24.

207 1870 340 1915 egregie
364 1870 572 1904 christianus
599 1869 614 1903 Ι
640 1869 714 1910 133,
741 1869 792 1903 10.

208 1930 314 1964 eicere
339 1930 518 1964 humorem
546 1928 581 1963 II
605 1929 682 1969 310,
708 1928 759 1963 16.

208 1989 424 2023 elaboratum
447 2000 534 2034 opus
558 1987 573 2022 I
596 1988 670 2029 128,
692 1988 722 2022 9.
748 1986 783 2021 Il
805 1986 880 2028 252,
904 1986 955 2021 12.

254 2052 292 2082 ut
310 2048 470 2082 uniuerso
488 2047 554 2093 ipsi
571 2047 665 2093 operi
682 2046 755 2081 eius
772 2045 957 2081 refellendo

253 2112 372 2142 nostra
387 2107 579 2142 elaboraret
592 2106 744 2141 intentio
761 2104 796 2140 II
812 2106 887 2147 254,
904 2105 955 2140 19.

209 2167 329 2202 elatio:
350 2167 498 2212 epistula
517 2165 663 2201 carnalis
681 2164 905 2200 uentositatis
923 2167 959 2199 et

253 2226 412 2260 elationis
439 2226 534 2260 uolat
563 2225 598 2260 ΙΙ
626 2226 700 2267 109,
727 2226 758 2260 8.
799 2223 960 2259 elationis

254 2285 392 2320 uanitas
428 2285 441 2319 I
477 2286 553 2326 100,
587 2285 638 2320 10.
672 2284 839 2319 aduersus
872 2282 959 2318 ueri-

254 2348 363 2379 tatem
389 2344 443 2379 dei
469 2345 573 2379 elatio
601 2343 615 2378 I
640 2343 695 2385 50,
721 2343 772 2379 16.

209 2404 321 2439 elatus
354 2408 503 2438 assertor
538 2403 572 2438 11
607 2404 681 2445 147,
716 2403 746 2438 2.
781 2401 891 2437 elatos
922 2401 959 2436 in

254 2463 450 2509 superbiam
480 2462 495 2497 1
521 2463 597 2504 516,
624 2463 660 2503 8;
687 2462 730 2506 cl.
759 2461 774 2496 Ι
799 2461 877 2502 510,
905 2462 957 2496 14.

209 2523 332 2558 electio
365 2522 496 2568 gratiae
533 2522 568 2557 II
601 2523 655 2563 97,
689 2522 720 2556 7.
767 2520 958 2556 secundum

255 2582 457 2617 electionem
484 2581 500 2616 I
524 2582 600 2623 477,
626 2582 678 2617 13.
705 2580 756 2616 16.

210 2641 347 2687 elegans
363 2641 417 2675 ille
434 2651 553 2676 sensus
568 2639 783 2685 exsculpitur
800 2638 816 2673 I
832 2639 909 2680 321,
925 2639 956 2674 8.

255 2699 341 2734 satis
366 2699 502 2745 elegans
529 2699 750 2746 (similitudo)
779 2697 794 2733 1
821 2699 898 2740 363,
926 2698 956 2733 7.

210 2758 382 2794 elementa
418 2759 540 2793 mundi
576 2759 679 2793 huius
717 2757 753 2792 ΙΙ
790 2757 866 2799 186,
905 2757 957 2793 10.

256 2817 522 2854 sustentandum
539 2817 718 2853 elementis
733 2819 769 2852 et
783 2815 960 2852 alimentis

620 207 685 242 111.
713 206 822 240 Index
846 204 1031 247 uerborum
1056 206 1091 238 et
1115 202 1351 237 elocutionum

1077 319 1312 367 corporalibus
1338 319 1354 354 Ι
1378 319 1453 361 254,
1479 319 1532 355 23.
1557 319 1694 355 uisibile
1716 319 1782 355 ele-

1077 384 1235 415 mentum
1267 378 1282 413 I
1310 379 1386 420 462,
1417 378 1475 419 26;
1503 379 1547 423 cl.
1577 377 1594 414 1
1621 378 1697 421 357,
1728 379 1779 414 16.

1034 450 1309 496 elemosynarum
1327 449 1469 495 largitas
1487 448 1523 484 II
1540 450 1616 491 250,
1635 451 1686 486 13.
1716 450 1781 485 ele-

1079 520 1303 555 mosynarum
1335 508 1534 544 sinceritate
1566 509 1782 545 mundantur

1078 569 1092 604 I
1117 570 1192 610 447,
1217 571 1248 605 3.

1030 641 1145 676 eleuat
1168 640 1271 686 digne
1295 650 1420 674 manus
1446 639 1481 674 11
1505 639 1560 682 68,
1586 640 1637 675 19.

1030 711 1135 747 elido:
1167 711 1204 746 in
1233 714 1355 757 aperta
1384 710 1572 757 Iniquitate
1602 711 1781 746 euidenter

1075 770 1149 806 elisi
1174 770 1189 805 1
1213 771 1291 811 510,
1317 771 1368 806 13.

1031 841 1164 888 elegisti
1189 841 1321 887 aperire
1347 841 1442 887 quod
1468 841 1576 876 sentis
1605 841 1619 876 Ι
1645 842 1722 883 380,
1748 843 1779 877 5.

1075 901 1202 936 alteros
1226 900 1333 947 eligat
1355 911 1472 935 amare
1499 900 1513 935 I
1537 901 1614 942 463,
1642 901 1692 936 15.

1031 961 1174 1005 ellipsis:
1193 960 1441 1006 respondemus
1458 960 1553 1005 quod
1571 971 1675 1006 supra
1696 959 1729 995 II
1749 963 1780 1001 4,

1077 1021 1129 1056 26.
1151 1020 1230 1066 quis
1249 1019 1341 1055 enim
1362 1022 1436 1054 tam
1456 1019 1597 1054 demens
1619 1019 1654 1054 11
1675 1021 1706 1061 7,
1729 1022 1779 1055 11.

1076 1091 1182 1126 quam
1205 1079 1353 1125 impium
1378 1070 1417 1113 11'
1437 1079 1468 1121 9,
1494 1081 1544 1114 11.
1570 1090 1631 1114 nec
1654 1079 1780 1114 mirum

1079 1139 1114 1174 ΙΙ
1132 1140 1207 1180 266,
1228 1139 1279 1174 15.
1298 1138 1359 1174 sed
1375 1138 1461 1184 quid
1478 1138 1631 1173 mirum?
1653 1137 1688 1173 11
1707 1140 1780 1179 126,

1077 1200 1128 1234 23.
1166 1199 1251 1244 quid
1285 1197 1530 1233 manifestius?
1568 1197 1603 1232 11
1640 1199 1714 1239 134,
1749 1199 1779 1232 6.

1076 1262 1159 1294 tunc
1208 1269 1288 1303 ergo
1322 1258 1424 1303 plena
1458 1257 1606 1298 iustitia,
1641 1258 1781 1303 quando

1075 1318 1178 1364 plena
1208 1317 1356 1357 sanitas;
1389 1321 1472 1352 tunc
1503 1316 1605 1362 plena
1636 1317 1780 1353 sanitas.

1076 1378 1217 1423 quando
1251 1376 1352 1423 plena
1385 1376 1512 1411 caritas
1547 1375 1583 1410 ΙΙ
1615 1376 1647 1417 8,
1683 1377 1713 1411 2.
1747 1378 1778 1412 3.

1075 1437 1208 1483 optime
1235 1435 1378 1471 omnino
1405 1439 1512 1481 atque
1540 1435 1716 1470 uerissime
1748 1434 1780 1469 ΙΙ

1077 1498 1152 1538 147,
1170 1497 1222 1532 26.
1240 1496 1299 1531 sed
1315 1495 1401 1541 quid
1416 1495 1461 1530 ad
1477 1494 1564 1530 nos?
1584 1493 1618 1529 Il
1636 1495 1710 1536 263,
1729 1495 1779 1530 15.

1078 1556 1094 1591 I
1113 1557 1189 1597 240,
1209 1557 1240 1591 4.
1262 1556 1337 1596 272,
1358 1556 1410 1590 24.
1431 1554 1517 1600 quid
1535 1554 1599 1589 hoc
1619 1554 1664 1588 ad
1684 1554 1779 1589 rem?

1077 1615 1093 1651 1
1124 1616 1199 1657 279,
1231 1615 1283 1650 25.
1315 1618 1355 1649 ut
1384 1613 1470 1660 quid
1499 1613 1566 1649 tibi
1594 1613 1672 1654 ista,
1704 1613 1779 1648 fili?

1078 1675 1093 1710 I
1121 1675 1198 1716 361,
1228 1675 1279 1710 16.
1309 1673 1395 1719 quid
1422 1672 1547 1719 plura?
1579 1672 1594 1707 Ι
1621 1673 1698 1714 366,
1729 1674 1779 1708 15.

1075 1735 1170 1770 absit
1195 1737 1314 1768 autem
1342 1736 1381 1767 ut
1407 1732 1552 1767 ancillae
1580 1731 1595 1766 1
1623 1733 1698 1773 499,
1727 1733 1779 1767 23.

1075 1798 1111 1829 et
1152 1793 1289 1828 utinam
1332 1792 1508 1827 fructuose
1552 1791 1567 1826 I
1608 1792 1684 1832 361,
1729 1792 1779 1826 12.

1078 1854 1250 1888 Iohannes
1279 1851 1441 1897 Baptista
1468 1851 1510 1886 de
1537 1850 1595 1886 illo
1625 1850 1639 1885 Ι
1667 1851 1720 1891 39,
1748 1851 1779 1885 5.

1076 1916 1111 1948 et
1130 1913 1203 1958 ipse
1223 1912 1265 1947 de
1285 1923 1320 1946 se
1338 1911 1414 1957 ipso
1436 1910 1452 1945 I
1471 1911 1525 1952 39,
1545 1911 1576 1945 6.
1609 1909 1693 1944 item
1713 1910 1781 1944 alio

1076 1973 1150 2007 loco
1183 1971 1198 2006 Ι
1228 1972 1282 2011 39,
1315 1972 1366 2006 12.
1397 1970 1482 2005 item
1512 1969 1558 2004 ad
1589 1969 1733 2004 Galatas
1767 1969 1780 2003 I

1076 2034 1129 2073 44,
1155 2033 1186 2066 7.
1212 2031 1256 2066 ad
1283 2029 1451 2076 Ephesios
1474 2029 1581 2064 etiam
1609 2028 1624 2063 Ι
1647 2030 1701 2069 44,
1728 2029 1779 2064 18.

1075 2091 1202 2126 mirum
1227 2090 1270 2126 de
1292 2090 1357 2124 hac
1382 2100 1416 2124 re
1439 2088 1581 2124 omnino
1604 2087 1780 2123 silentium

1078 2151 1094 2185 I
1114 2150 1189 2192 245,
1210 2151 1262 2185 27.
1282 2149 1366 2195 quia
1384 2159 1454 2183 non
1472 2159 1494 2183 a
1511 2158 1547 2183 se
1564 2146 1649 2193 ipsis
1670 2146 1685 2181 I
1703 2147 1780 2188 320,

1078 2211 1130 2246 10.
1149 2214 1184 2245 et
1201 2213 1288 2256 puto
1305 2208 1399 2254 quod
1416 2218 1487 2242 non
1503 2210 1602 2242 extra
1621 2205 1636 2241 I
1653 2207 1779 2247 322,27.

1077 2274 1113 2305 et
1135 2269 1225 2304 forte
1248 2267 1463 2304 tolerabilius
1488 2266 1503 2301 I
1526 2267 1602 2308 392,
1627 2266 1658 2301 5.
1695 2265 1780 2311 quid

1077 2328 1181 2374 ergo?
1211 2327 1247 2363 II
1271 2328 1325 2369 87,
1351 2329 1382 2362 4.
1409 2325 1495 2372 quid
1519 2324 1636 2360 enim?
1666 2323 1701 2359 II
1725 2325 1780 2365 89,

1077 2389 1130 2424 20.
1149 2388 1209 2423 sed
1226 2386 1310 2422 nihil
1327 2386 1373 2421 ad
1391 2396 1462 2420 rem
1481 2384 1518 2420 11
1535 2385 1611 2427 113,
1627 2385 1665 2425 8;
1681 2384 1725 2427 cl.
1746 2383 1780 2418 11

1077 2448 1131 2490 18,
1158 2448 1211 2483 23.
1239 2447 1292 2482 26.
1321 2446 1374 2486 19,
1401 2446 1433 2480 4.
1461 2445 1514 2480 12.
1541 2445 1596 2480 m.
1623 2443 1699 2484 265,
1727 2444 1779 2478 19.

1077 2508 1153 2548 273,
1184 2507 1236 2542 10.
1267 2505 1283 2540 I
1311 2505 1366 2547 38,
1394 2505 1447 2540 22.
1476 2504 1532 2545 68,
1560 2503 1613 2539 25.
1642 2502 1697 2543 89,
1725 2503 1778 2537 20.

1078 2567 1153 2608 121,
1177 2565 1209 2601 5.
1234 2565 1311 2607 327,
1335 2565 1367 2600 8.
1393 2564 1506 2599 230et.

1032 2636 1208 2683 eloquium
1243 2635 1296 2682 (=
1315 2634 1472 2675 uerbum,
1508 2643 1630 2674 sermo,
1666 2631 1781 2676 stilus)

1078 2696 1095 2731 1
1127 2697 1180 2738 13,
1210 2696 1242 2731 3.
1274 2694 1330 2738 50,
1362 2694 1415 2730 19.
1446 2692 1523 2735 305,
1556 2694 1586 2728 1.
1617 2690 1694 2733 358,
1727 2692 1778 2726 14.

1076 2756 1152 2797 377,
1178 2755 1209 2791 2.
1234 2754 1311 2795 419,
1337 2753 1389 2789 15.
1428 2751 1466 2787 ΙΙ
1488 2751 1543 2793 56,
1567 2750 1599 2786 5.
1626 2751 1701 2792 199,
1726 2750 1778 2785 10.

1077 2814 1153 2856 253,
1176 2813 1208 2849 5.
1233 2813 1312 2855 308,
1337 2812 1380 2848 16
1391 2813 1448 2847 cet.
