2028 3204
766 205 856 242 liber
886 206 901 240 Ι
935 205 986 246 12,
1023 205 1162 247 15-14,
1198 207 1238 241 17
1706 197 1788 241 317

215 347 341 390 quam
375 334 643 377 mitterentur
691 333 732 375 in
783 346 962 383 carnem,
1013 338 1170 374 autea
1213 345 1319 388 quae
1366 345 1596 388 numquam
1642 333 1795 376 habuc-

217 404 314 443 runt
360 400 401 442 in
450 401 506 442 eis
557 404 733 455 peccata.
777 398 981 450 damnari,
1030 397 1063 441 si
1098 398 1198 440 haec
1230 397 1373 440 nolens
1406 398 1553 448 dicere,
1596 399 1794 454 quoniam

218 480 299 509 non
331 472 428 509 sunt
463 465 610 522 utique
641 464 830 514 dicenda,
866 464 1017 507 dixerit
1050 463 1245 519 paruulos
1280 477 1361 506 non
1402 465 1566 507 trahere
1599 465 1795 519 originale

216 537 434 588 peecatum
458 545 533 574 nec
559 530 710 574 habere
737 530 846 574 unde
869 530 1135 579 damnentur,
1164 529 1197 571 si
1229 542 1312 573 non
1336 535 1507 586 accepto
1534 536 1795 575 sacramento

170 610 182 625 ⁷
216 597 537 654 regenerationis
560 597 657 639 hinc
679 601 844 645 exeant,
868 596 910 638 in
932 595 1104 638 heresim
1126 594 1391 650 Pelagianam
1422 596 1508 639 sine
1530 597 1796 640 dubitatione

213 663 494 706 damnabilem
525 663 789 706 damnandus
823 662 1016 704 incurret.
1062 661 1173 717 quod
1208 661 1243 703 ei
1277 676 1327 704 ne
1366 663 1598 717 contingat,
1635 668 1795 719 quanto

214 729 360 773 melius
393 735 508 772 tenet
541 729 593 772 de
627 728 781 784 origine
816 728 979 771 animae
1012 727 1324 770 cunctationem
1358 742 1506 778 meam,
1556 742 1606 770 ne
1640 729 1792 771 audeat

214 794 438 844 affirmare,
483 795 595 850 quod
628 808 703 837 nec
748 794 934 837 humana
980 793 1141 836 ratione
1189 794 1490 849 conprehendit
1535 807 1611 836 nec
1651 795 1794 837 diuina

215 862 467 903 auctoritate
520 860 722 911 defendit,
771 874 823 905 ne
871 864 1044 915 cogatur
1102 859 1386 915 insipientiam
1439 860 1641 915 profiteri,
1693 861 1793 903 dum

217 931 382 969 ueretur
416 927 694 983 ignorantiam
729 925 942 970 confiteri!

305 998 418 1041 XIV.
467 999 528 1041 17.
577 999 659 1041 Hic
690 998 798 1042 forte
839 997 954 1040 dicat
996 998 1250 1040 sententiam
1293 1011 1413 1040 suam
1461 998 1605 1041 diuina
1651 1004 1795 1040 aueto-

214 1065 339 1106 ritate
398 1064 579 1117 defendi,
642 1065 840 1120 quoniam
896 1068 1137 1106 sanctarum
1188 1063 1487 1119 scripturarum
1544 1064 1794 1107 testimoniis

212 1130 387 1185 probare
435 1146 476 1172 se
523 1130 737 1173 existimat
787 1128 960 1172 ‘animas
1003 1143 1028 1171 a
1068 1130 1146 1172 deo
1197 1143 1277 1171 non
1321 1144 1373 1171 ex
1422 1130 1648 1186 propagine
1691 1130 1793 1181 sieri,

215 1197 286 1239 sed
320 1209 449 1239 nouas
484 1196 653 1251 singulis
694 1195 929 1238 insufflari‘.
980 1195 1142 1251 probet,
1177 1195 1209 1237 si
1242 1200 1397 1251 potest,
1440 1203 1479 1238 et
1524 1196 1688 1238 fatebor
1730 1210 1794 1238 me

170 1274 181 1288 ⁹
213 1261 403 1304 didicisse
435 1262 578 1304 abillo
607 1261 717 1317 quod
752 1275 905 1317 magna
937 1261 1172 1304 intentione
1200 1261 1463 1315 quaerebam.
1500 1262 1569 1303 sed
1605 1267 1794 1317 quaerat,

215 1327 352 1370 aliane
402 1328 590 1370 fortassis
632 1327 841 1378 inueniat3
884 1341 982 1369 nam
1016 1327 1092 1369 hoc
1141 1328 1231 1369 istis
1265 1328 1529 1374 testimoniis.
1574 1341 1679 1382 quae
1713 1329 1795 1371 iam

214 1394 365 1449 posuit,
402 1407 484 1436 non
519 1393 725 1450 probauit.
769 1395 909 1436 omnia
936 1392 1090 1450 quippe
1121 1406 1227 1448 quae
1250 1393 1315 1435 hic
1341 1393 1532 1435 adhibuit
1559 1394 1611 1435 ad
1638 1394 1795 1449 aliquid

214 1466 328 1502 certa
376 1465 494 1511 sunt;
544 1460 596 1502 ad
640 1460 716 1502 hoc
760 1473 872 1512 uero,
917 1459 1028 1515 quod
1070 1460 1122 1501 ‹le
1164 1459 1328 1501 animae
1370 1459 1526 1511 origine
1566 1460 1793 1515 quaeritur,

214 1525 556 1568 demonstrantur
601 1526 809 1581 ambigua.
858 1530 1018 1568 certum
1061 1530 1123 1567 est
1165 1524 1275 1566 enim
1314 1525 1439 1567 deum
1471 1525 1632 1568 dedisse
1664 1526 1795 1567 homi-

144 1623 160 1632 „
215 1590 337 1633 nibus
379 1591 529 1633 flatum
566 1598 608 1634 et
645 1591 836 1647 spiritum
881 1591 1046 1633 dicente
1087 1591 1313 1647 propheta:
1363 1591 1451 1634 sic
1495 1591 1655 1633 dicit
1711 1592 1795 1633 do·

213 1657 749 1713 1ninus‚quifecit
791 1656 1026 1699 caelum
1059 1662 1114 1698 et
1144 1656 1444 1699 fundauit
1476 1662 1704 1699 terram
1740 1662 1796 1699 et

215 1737 366 1778 quae
409 1729 552 1766 sunt
594 1723 649 1765 in
683 1735 756 1771 ea,
795 1723 895 1779 qui
938 1723 1042 1765 dat
1084 1722 1308 1765 flatum
1342 1723 1572 1778 populo
1614 1737 1795 1779 super

215 1801 332 1830 eam
366 1794 421 1831 et
454 1789 751 1845 spiritum
785 1788 1194 1831 calcantibus
1227 1802 1356 1831 carn.
1399 1790 1476 1831 hoc
1507 1789 1794 1831 testimonium

214 1855 291 1896 iste
334 1854 374 1897 in
419 1869 510 1898 eam
553 1855 806 1897 sententiam
849 1856 940 1898 uult
979 1854 1124 1910 accipi,
1170 1869 1296 1911 quam
1338 1855 1540 1906 defendit,
1584 1860 1646 1902 ut,
1682 1855 1792 1909 quod

215 1920 286 1970 ait,
332 1921 419 1963 ‘dat
466 1922 617 1963 flatum
681 1920 865 1977 populo‘,
930 1934 1014 1963 non
1071 1934 1122 1962 ex
1162 1920 1391 1975 propagine
1447 1921 1584 1963 facere
1633 1921 1795 1963 animas

215 1986 382 2041 populo,
426 1986 497 2028 sed
539 2000 671 2029 nouas
712 1986 928 2029 insufflare
968 1986 1177 2029 credatur.
1227 1986 1382 2028 audeat
1414 2000 1510 2041 ergo
1543 1986 1679 2028 dicere
1712 2000 1794 2029 non

214 2051 349 2107 ipsum
396 2051 514 2094 nobis
562 2052 724 2094 dedisse
772 2065 951 2103 carnem,
1001 2052 1099 2107 quia
1140 2051 1192 2093 (le
1235 2051 1479 2106 parentibus
1513 2051 1625 2105 origo
1660 2052 1794 2095 carnis

215 2117 412 2160 adtracta
461 2121 536 2168 est,
585 2122 639 2168 et,
686 2117 758 2160 ubi
800 2118 861 2160 ait
893 2119 1108 2174 apostolus
1141 2118 1192 2160 de
1226 2117 1425 2160 frumenti
1455 2130 1604 2173 grano:
1649 2118 1795 2161 deus

308 2255 351 2290 13
369 2253 468 2290 Vinc.
488 2254 610 2291 Victor
715 2255 758 2290 20
779 2253 874 2290 Esai.
892 2255 947 2297 42,
963 2255 984 2290 5
1078 2256 1120 2290 24
1138 2253 1237 2290 vinc.
1255 2254 1378 2290 Victor
1478 2256 1520 2290 28
1542 2254 1558 2289 Ι
1577 2256 1652 2290 Cor.
1679 2254 1730 2296 15,
1747 2256 1791 2291 38

308 2352 324 2385 1
342 2349 423 2396 aut]
437 2351 519 2385 atis.
535 2354 577 2386 ut
588 2351 621 2385 E
725 2361 767 2385 ea
782 2361 823 2386 ez
839 2349 887 2386 eis
899 2350 941 2385 M
1064 2352 1084 2386 2
1098 2351 1219 2385 nolens
1231 2350 1263 2385 F
1278 2351 1374 2395 (corr.
1393 2362 1437 2385 ex
1452 2349 1568 2395 nobis)
1590 2350 1692 2385 nobis
1707 2349 1797 2385 BCG

220 2408 320 2444 nobis
337 2420 406 2445 non
424 2409 558 2445 audens
569 2410 591 2445 d
681 2412 703 2446 3
719 2409 880 2446 dixerint
892 2411 922 2445 0
1006 2411 1027 2446 4
1042 2410 1300 2446 donarenturA
1385 2409 1660 2456 regenerationis
1675 2421 1790 2445 saera-

219 2470 340 2504 mento
366 2467 427 2505 BG
557 2471 578 2506 6
607 2469 810 2506 damnabile
831 2470 874 2505 M
986 2469 1135 2506 incurrit
1154 2470 1205 2505 Εὖ
1325 2471 1344 2505 7
1373 2470 1484 2517 tenet]
1509 2474 1543 2506 te
1563 2470 1605 2504 M
1633 2473 1755 2506 teneat
1774 2470 1792 2503 b

217 2528 356 2564 animae
372 2528 501 2575 origine
511 2528 748 2566 ABCEFde
782 2529 949 2576 originale
962 2531 993 2565 A
1040 2529 1376 2576 Snec·**cogantur
1387 2530 1429 2564 M
1478 2532 1515 2566 11
1530 2529 1748 2565 auctoritate
1758 2531 1790 2564 A

219 2589 263 2624 12
277 2588 437 2624 defendit
448 2590 477 2624 C
563 2591 606 2626 13
620 2589 810 2626 exe-stimat
824 2590 888 2625 AC
977 2591 1017 2625 14
1034 2589 1148 2625 fateor
1161 2591 1192 2625 E
1291 2591 1334 2626 15
1349 2600 1387 2625 se
1398 2590 1430 2625 A
1519 2592 1559 2625 17
1579 2588 1745 2635 probabit
1761 2589 1792 2623 E

216 2648 264 2684 ad
278 2647 415 2695 aliquid
431 2659 497 2685 om.
509 2650 541 2685 A
591 2650 636 2686 18
651 2653 751 2695 corta
763 2649 796 2685 D
809 2650 843 2695 (e
858 2660 883 2686 s.
900 2649 936 2695 ᾳ)
955 2649 1072 2686 aliena
1083 2649 1125 2685 M
1174 2650 1216 2685 19
1228 2648 1493 2685 demonstratur
1506 2650 1537 2684 E
1581 2649 1752 2695 ambiguu
1763 2649 1794 2684 E

218 2707 257 2753 (u
273 2708 339 2753 lin.
358 2718 400 2744 ex
413 2708 452 2755 a)
518 2709 562 2745 20
577 2708 643 2756 sic]
655 2709 721 2754 hec
735 2710 754 2745 b
826 2708 1151 2757 2lcaelum1i11um
1162 2710 1194 2745 E
1265 2710 1308 2746 24
1323 2709 1430 2745 nulA
1501 2711 1544 2744 ut
1557 2720 1585 2743 s.
1605 2719 1680 2754 exp.
1698 2711 1734 2743 et
1748 2708 1792 2743 M

219 2769 263 2804 25
274 2778 320 2803 ox
332 2779 395 2805 ont.
405 2769 491 2804 Gml
577 2768 716 2805 animas
731 2769 842 2805 facere
856 2770 915 2805 EG
992 2770 1036 2806 26
1049 2769 1172 2816 populi
1186 2768 1245 2805 BG
1334 2769 1377 2805 28
1389 2770 1549 2804 aetram
1561 2768 1601 2803 M
1678 2769 1720 2804 et
1729 2767 1792 2804 ubi

218 2826 260 2872 (ε.
272 2826 294 2863 1.
310 2827 388 2864 add.
405 2831 460 2864 est
476 2828 587 2875 quod)
598 2829 663 2864 DF
