2028 3204
243 199 325 243 330
680 211 738 246 lv.
772 210 822 247 De
856 214 985 247 natura
1013 215 1051 247 et
1076 211 1206 258 origine
1236 211 1375 248 animae

241 349 383 378 mea.
435 335 513 377 hoc
546 335 699 391 quippe
748 336 825 378 iste
871 340 1010 391 putat,
1061 337 1185 392 ‘quod
1231 336 1365 380 dicere
1419 337 1610 381 debuerit
1657 338 1811 382 Adam:

244 401 411 443 “anima
428 415 479 443 ex
496 401 636 443 anima
654 403 774 444 mea“
796 401 879 444 uel:
903 401 1098 457 “spiritus
1119 402 1170 444 de
1190 402 1338 458 spiritu
1360 404 1495 454 meo“‚
1522 403 1556 446 si
1582 403 1708 446 etiam
1735 404 1812 447 hoc

242 466 292 507 de
332 466 401 508 illo
443 471 627 509 tractum
653 467 788 509 esset‘.
833 467 903 509 sed
938 467 996 509 illi
1030 467 1098 522 qui
1131 468 1401 524 propaginem
1433 474 1624 511 asserunt
1655 469 1813 512 anima-

242 545 347 582 rum,
397 532 492 574 hinc
539 546 581 574 se
628 538 784 587 putant
827 532 1024 575 inuictius
1057 547 1174 575 suam
1207 533 1368 576 munire
1401 534 1666 586 sententiam,
1702 535 1811 590 quia,

240 611 335 639 cum
367 598 570 653 scriptum
601 598 657 640 sit
685 598 916 641 detraxisse
960 599 1085 642 deum
1134 604 1294 642 costam
1336 599 1386 641 de
1429 599 1557 642 latere
1595 600 1673 642 uiri
1703 613 1813 643 eam-

243 676 321 718 que
353 663 593 706 aedificasse
640 664 682 705 in
730 664 957 714 mulierem,
1004 676 1087 707 non
1135 670 1198 707 est
1230 664 1435 716 additum,
1486 665 1596 721 quod
1644 666 1686 707 in
1727 665 1813 709 eius

241 729 390 771 faciem
439 729 677 772 sufflauerit
725 729 876 772 flatum
924 729 1056 781 uitae3
1105 729 1210 781 ideo,
1259 730 1468 785 inquiunt,
1518 731 1616 786 quia
1646 731 1730 773 iam
1762 731 1813 773 de

242 795 331 837 uiro
379 795 516 837 fuerat
563 795 763 837 animata.
823 809 919 837 nam
952 795 986 837 si
1017 809 1100 838 non
1133 795 1292 846 fnisset,
1335 809 1601 852 nequaquam
1633 809 1720 849 nos,
1754 797 1814 838 in-

243 859 406 915 quiunt,
454 866 600 903 sancta
647 860 854 916 scriptura
900 860 1022 903 huius
1069 861 1126 903 rei
1175 861 1408 916 cognitione
1455 862 1701 904 fraudasset.
1759 862 1813 904 ad

242 925 343 967 illud
393 939 489 967 uero
538 926 644 981 quod
691 927 751 968 ait
792 926 948 969 Adam:
998 927 1104 968 hoc
1151 940 1305 969 nunc
1353 940 1411 968 os
1459 941 1523 969 ex
1566 928 1813 970 ossibus

248 1005 290 1032 m
308 991 392 1033 eis
427 997 484 1033 et
519 1005 539 1033 c
558 1006 581 1034 a
599 1005 618 1032 r
637 1006 658 1033 o
694 991 719 1033 d
738 1006 759 1033 e
792 1005 812 1033 c
831 1005 934 1034 arn
952 1005 972 1034 e
1005 1005 1047 1034 m
1065 1006 1086 1034 e
1103 1006 1127 1034 a
1163 1006 1235 1034 nec
1253 992 1331 1034 ait:
1353 993 1548 1048 ‘spiritus‘
1571 992 1637 1035 uel
1661 993 1813 1035 ‘anima

243 1056 293 1098 de
326 1057 475 1112 spiritu
508 1058 615 1099 meo‘
649 1057 715 1099 uel
749 1057 811 1100 ‘de
845 1057 985 1099 anima
1016 1059 1136 1107 mea‘,
1169 1058 1227 1100 sic
1254 1058 1307 1100 ab
1328 1058 1385 1100 eis
1403 1058 1642 1114 responderi
1659 1063 1812 1114 potest,

243 1122 597 1177 quemadmodum
645 1123 833 1178 superius
872 1123 1209 1165 demonstratum
1250 1130 1325 1175 est,
1372 1129 1417 1166 ut
1458 1138 1483 1166 a
1523 1129 1643 1179 parte
1675 1129 1813 1166 totum

242 1188 507 1242 intellegat-ur
540 1188 617 1230 hoe
649 1188 809 1230 dictum
845 1188 900 1230 ‘os
934 1194 976 1230 et
1008 1201 1102 1230 caro
1135 1190 1255 1240 mea‘,
1290 1189 1360 1231 sed
1395 1202 1499 1243 quae
1532 1189 1719 1232 animata
1751 1189 1815 1231 fu-

241 1253 349 1295 erint
397 1254 600 1304 detracta,
651 1267 734 1297 non
781 1259 960 1297 mortua.
1021 1267 1154 1309 neque
1201 1254 1310 1296 enim
1358 1255 1436 1296 hoc
1483 1255 1814 1310 omnipotentem

248 1320 381 1362 facere
414 1319 599 1374 potuisse
631 1319 726 1362 ideo
760 1320 995 1374 negandum
1028 1324 1104 1368 est,
1139 1321 1236 1375 quia
1268 1319 1405 1363 nullus
1433 1320 1648 1363 hominum
1675 1326 1814 1376 potest

242 1384 396 1439 aliquid
448 1399 542 1427 cum
590 1385 730 1427 anima
777 1385 828 1428 de
872 1385 1056 1428 humana
1102 1399 1224 1428 carne
1270 1385 1521 1441 praecidere.
1572 1399 1669 1428 nam
1703 1386 1811 1441 quod

242 1450 378 1493 Adam
404 1456 570 1493 secutus
595 1451 807 1493 adiunxit:
842 1451 988 1493 haec
1020 1450 1358 1493 uocabitur
1395 1451 1637 1502 mulier,
1673 1451 1813 1506 quia

240 1515 269 1558 d
286 1530 306 1558 e
340 1530 365 1557 ιι
383 1516 396 1557 i
413 1530 433 1558 r
450 1531 473 1558 o
505 1531 522 1559 s
542 1530 566 1558 u
586 1532 608 1560 ο
643 1531 660 1558 s
679 1531 705 1560 u
723 1530 764 1558 m
782 1531 808 1571 p
826 1521 845 1558 t
862 1530 886 1558 a
919 1531 939 1558 e
957 1522 1028 1567 st,
1064 1530 1136 1558 cur
1162 1530 1244 1559 non
1271 1517 1331 1559 ait
1356 1517 1509 1572 potius,
1537 1517 1647 1559 unde
1675 1516 1814 1573 opinio

243 1582 562 1624 confirmaretur
578 1582 773 1625 istorum:
795 1582 1007 1637 ‘quoniam
1024 1582 1075 1624 de
1095 1583 1182 1624 uiro
1200 1596 1274 1624 suo
1296 1596 1390 1625 caro
1409 1582 1494 1624 eius
1515 1587 1684 1638 sumpta
1704 1582 1813 1634 est‘?

242 1647 307 1688 hic
353 1647 497 1702 itaque
544 1647 602 1688 illi
650 1647 720 1702 qui
767 1651 913 1689 contra
959 1647 1147 1689 sentiunt
1188 1654 1362 1702 possunt
1403 1647 1548 1692 dicere.
1593 1648 1691 1703 quia
1731 1660 1814 1690 non

242 1713 443 1768 scriptum
477 1717 539 1754 est
571 1726 736 1755 carnem
769 1713 964 1762 mulieris,
1013 1713 1085 1754 sed
1116 1712 1330 1755 mulierem
1363 1713 1414 1755 de
1447 1713 1535 1754 uiro
1567 1727 1641 1755 suo
1674 1726 1814 1769 sump-

240 1783 343 1829 tam,
376 1782 513 1820 totam
547 1778 694 1820 debere
727 1779 857 1834 accipi
889 1791 983 1820 cum
1016 1778 1156 1822 anima
1188 1783 1229 1820 et
1261 1778 1423 1834 spiritu.
1455 1792 1554 1820 nam
1575 1778 1651 1820 etsi
1674 1779 1814 1820 anima

241 1857 340 1886 sexu
389 1848 516 1894 caret,
564 1857 647 1886 non
694 1848 837 1886 tamen
886 1843 1053 1898 quando
1101 1843 1364 1899 appellantur
1410 1843 1600 1886 mulieres
1641 1848 1816 1899 excepta

242 1909 382 1951 anima
422 1923 490 1951 eas
531 1922 695 1951 necesse
736 1914 799 1951 est
839 1909 1034 1965 intellegi.
1084 1909 1268 1963 alioquin
1309 1923 1392 1952 non
1433 1909 1495 1952 ita
1531 1923 1572 1951 se
1605 1922 1815 1951 ammone·

241 1979 385 2017 rentur
417 1988 581 2017 ornare:
615 1988 728 2017 non
761 1975 813 2016 in
846 1975 1040 2017 tortis
1074 1975 1358 2017 crinibus
1391 1979 1495 2017 aut
1542 1988 1687 2018 auro
1720 1974 1815 2016 uel

240 2040 608 2095 margaritis
641 2046 744 2083 aut
777 2045 951 2083 ueste
982 2040 1280 2096 pretiosa,
1314 2040 1410 2083 sed
1436 2040 1591 2096 quod
1623 2040 1812 2089 decet,

242 2106 392 2161 inquit,
426 2105 718 2148 mulieres
760 2106 1214 2162 promittentes
1255 2106 1559 2162 pietatem
1590 2118 1691 2161 per
1723 2105 1815 2148 bo-

242 2184 369 2213 nam
407 2184 468 2213 co
487 2185 512 2213 n
532 2185 557 2213 u
576 2185 667 2213 ers
686 2172 815 2213 atio
834 2185 970 2214 nem.
1020 2171 1165 2227 utique
1198 2171 1330 2227 pietas
1362 2172 1475 2213 intus
1507 2175 1569 2213 est
1602 2171 1643 2213 in
1675 2170 1815 2212 anima

334 2345 350 2378 1
370 2343 469 2379 Vino.
489 2343 609 2379 Victor
721 2344 760 2379 10
777 2344 862 2380 Gen.
882 2345 913 2385 2,
932 2345 974 2379 23
1091 2344 1132 2379 18
1151 2344 1236 2380 Gen.
1258 2345 1289 2385 2,
1307 2343 1349 2379 23
1462 2344 1504 2378 26
1524 2342 1540 2376 I
1557 2342 1646 2378 Tim.
1670 2343 1702 2384 2,
1719 2343 1750 2377 9.
1771 2343 1813 2378 10

335 2460 351 2492 1
370 2459 473 2503 putat
491 2456 557 2492 iste
569 2457 610 2492 bd
686 2456 731 2491 ad
749 2448 830 2491 aina
840 2457 882 2491 Μ
974 2458 995 2492 2
1008 2457 1132 2503 etiam]
1146 2457 1215 2492 iam
1229 2456 1348 2498 D‚'om.
1358 2457 1386 2492 G
1478 2456 1544 2491 hoc
1560 2455 1660 2490 semel
1674 2465 1758 2490 eras.
1770 2455 1814 2489 Μ

245 2517 471 2552 3tractatum
485 2517 516 2551 E
572 2519 593 2552 4
609 2515 762 2552 inuictos
774 2516 817 2551 M
863 2518 884 2551 5
900 2516 963 2563 sit]
977 2520 1031 2552 est
1042 2517 1118 2552 DM
1165 2518 1184 2552 7
1200 2515 1300 2562 quiC
1344 2517 1365 2552 8
1381 2515 1500 2551 anima
1513 2515 1604 2551 itae
1649 2515 1671 2550 9
1685 2512 1764 2550 huis
1778 2514 1812 2549 A

240 2575 313 2611 eius
327 2575 360 2611 D
436 2577 478 2611 10
494 2576 557 2611 hos
571 2586 616 2611 ex
631 2576 829 2612 hossibusG
921 2577 964 2612 12
980 2575 1050 2621 uel]
1066 2575 1142 2612 add.
1161 2575 1280 2611 anima
1292 2576 1344 2610 Eb
1439 2573 1640 2621 responderi
1656 2574 1702 2610 ab
1716 2572 1810 2609 eisE

244 2635 366 2670 habeis
378 2635 421 2670 M
468 2637 510 2672 13
526 2639 647 2682 aperte
658 2636 689 2670 Ε
744 2636 783 2671 14
799 2645 870 2680 non
886 2634 1017 2671 fuerint
1029 2635 1061 2670 B
1077 2645 1149 2671 non
1165 2634 1334 2670 fuerintG
1381 2635 1424 2671 19
1439 2634 1483 2670 de
1498 2633 1575 2670 uiro
1590 2634 1631 2669 in
1646 2633 1813 2679 mq.m1E

242 2695 316 2741 cur]
332 2705 421 2741 quae
431 2694 589 2730 ABCFG
649 2697 689 2732 21
708 2694 830 2742 utique
840 2695 860 2730 b
918 2694 968 2730 illi
981 2705 1043 2730 om.
1058 2694 1101 2730 M
1160 2695 1203 2731 22
1216 2696 1272 2730 est
1284 2693 1454 2740 scriptum
1464 2693 1484 2728 b
1537 2692 1614 2729 uiro
1626 2695 1809 2738 sumptum

243 2765 308 2789 suo
317 2754 337 2789 b
399 2755 442 2790 23
451 2757 569 2790 totum
581 2753 700 2790 deberi
710 2755 742 2790 Ε
786 2754 852 2790 siet
861 2753 890 2790 G
945 2755 988 2791 24
997 2753 1218 2800 appellentur
1227 2753 1260 2789 A
1274 2753 1473 2800 appellatur
1483 2752 1526 2787 M
1581 2753 1623 2789 2¹7
1633 2754 1770 2788 meam
1779 2751 1810 2786 C

245 2813 290 2849 29
302 2816 356 2849 est
373 2813 469 2850 intus
484 2814 515 2848 E

1846 939 1884 968 1⁰

1845 1266 1882 1295 15

1842 1594 1884 1623 20

1842 1922 1882 1950 25
