2028 3204
226 214 307 258 508
604 224 642 258 V.
677 224 805 257 Cmtra
838 221 926 256 duas
958 220 1125 267 epistulas
1157 220 1425 266 Pelagianorum

225 355 364 391 tamen
380 362 561 391 summus
580 347 643 388 ille
661 346 856 397 medicus,
869 345 941 401 qui
957 346 1060 387 bene
1077 345 1141 388 uti
1157 345 1275 387 nouit
1291 345 1418 387 etiam
1434 344 1566 397 malis,
1583 345 1634 388 de
1649 345 1793 401 angelo

225 420 394 456 satanae
417 412 606 455 adhibuit
633 416 776 454 eontra
797 410 985 453 elationis
1007 410 1158 453 uitium
1179 410 1342 453 salubre
1364 409 1552 466 quamuis
1573 410 1794 454 molestum

224 480 581 527 medicamentum,
614 477 719 518 sicut
747 476 835 518 fieri
863 475 1076 518 consueuit
1103 475 1339 518 antidotum
1366 475 1494 519 etiam
1519 476 1570 518 de
1597 476 1793 531 serpenti-

224 546 299 585 bus
336 548 478 585 eontra
513 556 670 584 uenena
706 546 953 596 serpentum.
992 540 1093 596 quid
1128 546 1192 583 est
1227 554 1336 597 ergo:
1375 554 1392 584 s
1410 555 1438 584 u
1454 541 1470 583 f
1486 541 1502 583 f
1518 541 1531 582 i
1547 555 1568 583 c
1585 541 1598 583 i
1615 546 1633 583 t
1673 541 1764 584 tib
1781 541 1794 583 i

224 624 248 659 g
266 623 284 650 1·
302 624 326 650 a
344 616 360 650 t
378 609 389 649 i
407 622 431 650 a
461 622 502 650 m
520 622 541 649 c
558 622 595 658 a,
632 607 709 649 nisi
740 620 790 648 ne
822 606 1049 649 deficiendo
1079 607 1321 649 succumbas
1352 606 1428 649 sub
1458 606 1632 662 colapho
1662 606 1794 662 angeli

225 673 681 728 satanae?etq11idest:
704 672 909 714 uirtus
937 671 989 713 in
1016 671 1408 714 infirmitate
1436 671 1792 727 perficitur,

225 739 298 780 nisi
326 739 423 794 quia
447 739 488 780 in
512 739 590 780 isto
614 738 701 780 loco
723 737 978 779 infirmitatis
1000 737 1202 780 hactenus
1220 737 1418 793 perfectio
1442 742 1580 792 potest
1603 751 1689 780 esse
1713 737 1794 780 uir-

225 804 340 855 tutis,
368 810 414 846 ut
440 804 529 859 ipsa
554 803 797 845 infirmitate
823 807 1038 858 praesente
1065 803 1188 845 elatio
1215 803 1490 858 reprimatur?
1519 815 1623 858 quae
1649 802 1794 858 utique

223 870 444 912 infirmitas
461 870 476 911 f
481 875 602 911 utura
620 868 916 910 inmortalitate
933 868 1160 911 sanabitur.
1181 868 1386 924 quomodo
1407 873 1470 911 est
1488 868 1603 910 enim
1622 868 1795 911 dicenda

224 935 376 977 sanitas
399 935 530 990 plena,
554 934 625 976 ubi
649 934 775 976 etiam
799 934 850 976 de
872 933 1006 989 angeli
1027 939 1197 976 satanae
1220 934 1392 990 colapho
1414 934 1550 977 adhuc
1573 939 1635 976 est
1658 945 1794 977 neces-

224 1001 330 1042 saria
357 1000 588 1042 medicina?

331 1079 389 1119 19.
412 1077 477 1119 Ex
497 1078 573 1118 hoc
594 1077 753 1119 factum
770 1081 833 1119 est
853 1076 1067 1128 uirtutem,
1085 1090 1190 1132 quae
1209 1090 1321 1120 nunc
1341 1081 1403 1119 est
1424 1077 1466 1118 in
1486 1077 1650 1119 homine
1670 1076 1793 1127 iusto,

223 1143 448 1197 perfectam
474 1143 673 1184 hactenus
711 1142 928 1194 nominari,
965 1147 1013 1185 ut
1047 1143 1102 1185 ad
1136 1143 1222 1185 eius
1257 1142 1553 1198 perfectionem
1588 1142 1794 1198 pertineat

223 1208 349 1249 etiam
371 1208 497 1263 ipsius
528 1208 834 1263 inperfectionis
863 1212 906 1250 et
934 1208 977 1249 in
1005 1207 1181 1250 ueritate
1210 1207 1390 1263 cognitio
1420 1212 1462 1250 et
1491 1207 1533 1250 in
1559 1207 1794 1250 humilitate

223 1274 435 1316 confessio.
464 1278 565 1315 tunc
591 1274 701 1315 enim
722 1278 785 1315 est
812 1274 1038 1316 secundum
1062 1274 1170 1316 hanc
1195 1273 1484 1315 infirmitatem
1508 1286 1583 1328 pro
1608 1286 1682 1315 suo
1707 1286 1793 1315 mo—

222 1339 318 1380 dulo
347 1339 530 1394 perfecta
558 1339 639 1381 ista
664 1352 794 1394 parua
821 1338 996 1390 iustitia,
1018 1339 1184 1395 quando
1212 1338 1339 1381 etiam
1367 1338 1468 1394 quid
1495 1338 1574 1381 sibi
1600 1338 1707 1381 desit
1734 1338 1794 1380 in-

224 1405 390 1459 tellegit.
420 1405 593 1460 ideoque
626 1405 839 1460 apostolus
873 1409 916 1446 et
950 1404 1225 1460 inperfectum
1259 1409 1301 1446 et
1334 1404 1564 1459 perfectum
1597 1417 1639 1446 se
1674 1403 1791 1446 dicit:

222 1470 494 1524 inperfectum
513 1470 666 1512 seilicet
687 1470 920 1526 cogitando,
945 1474 1149 1525 quantum
1165 1470 1223 1512 illi
1240 1470 1295 1512 ad
1312 1469 1515 1512 iustitiam
1535 1469 1656 1520 desit,
1678 1469 1793 1512 cuius

223 1535 521 1589 plenitudinem
542 1537 678 1578 adhuc
701 1535 829 1578 esurit
851 1549 899 1578 ac
922 1535 1024 1587 sitit,
1044 1535 1275 1591 perfectum
1296 1540 1451 1586 autem,
1477 1535 1589 1591 quod
1611 1540 1654 1577 et
1675 1547 1794 1577 suam

221 1601 560 1655 inperfectionem
579 1601 769 1644 confiteri
786 1614 869 1644 non
880 1601 1083 1644 erubescit
1102 1606 1146 1643 et
1164 1606 1213 1643 ut
1231 1601 1447 1657 perueniat
1466 1600 1570 1643 bene
1590 1600 1788 1656 procedit,

222 1666 330 1708 sicut
351 1680 567 1721 possumus
590 1667 723 1709 dicere
749 1667 981 1722 perfectum
1007 1679 1093 1709 esse
1118 1667 1335 1717 uiatorem,
1362 1666 1478 1709 cuius
1503 1666 1607 1708 bene
1633 1678 1794 1721 promo-

222 1737 344 1774 uetur
374 1733 565 1783 accessio,
593 1733 783 1788 quamuis
814 1746 897 1775 non
921 1732 1163 1788 perficiatur
1192 1731 1384 1783 intentio,
1417 1731 1497 1775 nisi
1528 1731 1653 1774 fuerit
1683 1731 1795 1773 facta

223 1798 450 1851 peruentio.
487 1803 706 1854 propterea
739 1812 834 1841 cum
860 1797 1050 1840 dixisset:
1092 1811 1109 1839 s
1127 1811 1149 1840 e
1165 1810 1187 1840 c
1203 1811 1231 1840 u
1247 1811 1276 1839 n
1293 1798 1320 1840 d
1337 1811 1364 1840 u
1381 1810 1424 1839 m
1457 1797 1514 1839 iu
1532 1810 1549 1839 s
1567 1801 1585 1839 t
1602 1796 1615 1838 i
1631 1801 1649 1838 t
1667 1796 1680 1838 i
1696 1810 1722 1838 a
1738 1810 1793 1846 m,

226 1876 376 1917 quae
408 1862 459 1905 in
484 1864 614 1920 lege
639 1868 745 1916 est,
773 1863 873 1920 qui
907 1863 1129 1906 fuerim
1154 1863 1283 1905 sine
1309 1861 1794 1918 querella‚moxad·

218 1927 346 1970 didit:
395 1942 544 1984 quae
588 1929 734 1972 mihi
785 1930 959 1972 lucra
1019 1928 1289 1981 fuerunt,
1351 1928 1495 1970 haec
1536 1932 1795 1983 propter

221 1994 536 2037 Christum
569 1995 784 2038 damna
815 2007 945 2037 esse
978 1993 1135 2037 duxi.
1168 2007 1374 2037 uerum
1405 1997 1607 2036 tamen
1638 1997 1690 2035 et
1723 2005 1794 2035 ar-

223 2058 427 2101 bitror
464 2060 664 2103 omnia
701 2061 977 2103 damnum
1014 2072 1146 2103 esse
1172 2064 1396 2115 propter
1425 2058 1794 2101 eminentem

219 2124 555 2168 scientiam
582 2125 823 2169 Christi
856 2126 994 2168 Iesu
1026 2125 1258 2168 domini
1287 2124 1505 2179 nostri,
1538 2128 1796 2180 propter

218 2202 389 2244 quem
444 2192 643 2234 omnia
696 2205 811 2234 non
865 2192 1060 2234 solum
1110 2190 1495 2234 detrimenta
1537 2188 1793 2240 credidi,

321 2356 351 2389 4.
369 2354 390 2389 6
408 2355 445 2390 11
462 2355 535 2391 Cor.
557 2356 609 2397 12,
627 2356 648 2391 9
724 2358 765 2392 17
783 2356 826 2392 cf.
846 2355 935 2393 Phil.
953 2357 986 2399 3,
1004 2356 1057 2392 12.
1076 2356 1117 2391 15
1194 2356 1237 2391 23
1254 2354 1343 2392 Phil.
1360 2356 1393 2397 3,
1410 2354 1498 2390 6-9

324 2469 339 2502 1
368 2468 515 2503 summis
528 2468 555 2503 C
647 2470 667 2504 2
693 2468 898 2506 salubraeV
1007 2471 1028 2505 3
1054 2468 1284 2506 anthidotum
1297 2467 1391 2504 BCD
1500 2469 1521 2504 4
1545 2466 1763 2513 serpentium
1775 2467 1794 2502 b

217 2525 253 2561 5.
273 2526 313 2562 10
331 2527 444 2562 calafo
456 2527 486 2561 B
559 2530 578 2563 7
595 2532 741 2564 actenus
750 2528 809 2565 OC
824 2533 971 2565 eatenus
981 2528 1044 2564 EF
1120 2528 1288 2574 perfectio
1303 2538 1346 2563 ex
1360 2525 1519 2573 perficio
1586 2537 1659 2562 non
1674 2529 1794 2572 potest

221 2583 332 2620 esseO
393 2587 414 2622 8
429 2586 465 2621 in
482 2586 558 2631 ipsa
574 2587 635 2622 inf.
655 2588 672 2622 b
741 2589 762 2623 9
779 2589 874 2623 enim
891 2588 987 2625 estV
1060 2589 1103 2625 10
1118 2592 1172 2624 est
1187 2587 1567 2624 necessaria-tactum
1583 2589 1639 2622 aet
1651 2585 1792 2622 s.1.0m2

223 2644 266 2680 12
282 2643 362 2691 hoc]
378 2654 448 2691 quo
459 2645 491 2680 D
568 2647 609 2682 13
627 2647 783 2692 perfecta
794 2648 826 2683 V
901 2647 1088 2684 actenusO
1103 2652 1251 2684 eatenus
1261 2646 1325 2682 EF
1408 2646 1450 2682 15
1466 2645 1594 2681 hanco
1608 2646 1649 2691 (n
1662 2655 1689 2681 s.
1707 2656 1791 2682 eras·

217 2702 305 2749 litt.)
344 2706 386 2740 17
401 2707 439 2741 et
448 2704 645 2751 perfeetum
655 2706 783 2742 om.OB
831 2708 874 2743 19
884 2707 1001 2744 exurit
1014 2707 1046 2742 B
1090 2706 1146 2754 ac]
1156 2705 1229 2742 etO
1270 2709 1308 2743 et
1317 2715 1360 2741 ex
1368 2704 1459 2742 asto
1497 2705 1537 2740 21
1551 2703 1791 2752 promouetur]

220 2767 442 2808 promeretur
455 2762 520 2800 OB
579 2763 622 2800 24
637 2765 793 2811 querella
804 2766 832 2802 C
907 2767 950 2802 25
966 2776 1071 2812 quem
1082 2766 1114 2801 V
1191 2764 1294 2811 haec]
1309 2764 1376 2800 add
1401 2764 1491 2801 mihi
1501 2762 1565 2800 OB
1626 2762 1671 2801 29
1684 2763 1794 2801 detri-

219 2826 382 2859 mentum
393 2823 425 2859 V
441 2814 572 2860 detriffi
582 2823 610 2860 C

1825 946 1863 975 1⁰

1823 1283 1862 1313 15

1818 1611 1860 1640 20

1821 1938 1862 1968 25
