1976 3210
208 230 264 271 30
587 238 612 274 Ι.
639 239 691 274 De
716 241 940 285 peccatorum
964 237 1097 273 meritis
1121 241 1158 273 et
1180 236 1381 273 remissione

202 364 434 406 coartatiet
453 365 667 406 haerentes
686 363 874 405 similiter
894 363 931 405 ι0
950 361 1167 406 altitudol‘
1185 362 1415 405 exclamare
1433 367 1648 418 coguntur.
1669 364 1778 406 unde

202 430 312 472 enim
332 429 395 480 fit,
418 434 465 471 ut
484 431 607 472 homo
629 429 681 471 ab
703 429 872 472 ineunte
884 429 1062 484 pueritia
1082 428 1320 480 modestior,
1341 427 1600 484 ingeniosior,
1621 434 1779 484 tempe·

202 495 372 546 rantior,
409 509 459 537 ex
493 509 645 550 magna
678 500 797 550 parte
831 494 1051 537 libidinum
1085 494 1230 546 uictor,
1268 483 1338 549 qui
1374 493 1507 536 oderit
1541 494 1776 544 auaritiam,

203 561 410 603 luxuriam
434 562 667 603 detestetur
691 565 818 616 atque
843 561 894 603 ad
920 560 1097 602 uirtutes
1122 564 1278 603 ceteras
1303 559 1538 614 prouectior
1561 559 1780 615 aptiorque

203 631 437 681 consurgat,
458 626 532 682 [et]
551 631 693 668 tamen
711 640 757 669 eo
776 626 864 668 loco
891 626 958 677 sit,
987 625 1059 668 ubi
1076 625 1113 668 ei
1138 625 1366 681 praedicari
1391 625 1528 680 gratia
1554 625 1781 668 christiana

204 706 286 734 non
304 692 435 747 possit
453 717 507 722 —
526 692 776 748 quomodo
797 692 906 734 enim
931 692 1267 743 inuocabunt,
1294 690 1343 732 in
1380 704 1527 746 quem
1555 703 1652 732 non
1686 704 1780 733 cre-

205 758 473 800 diderunt?
507 762 596 800 aut
629 758 880 813 quomodo
912 758 1131 807 credent,
1168 770 1314 812 quem
1348 769 1446 798 non
1477 755 1779 799 audierunt?

205 837 229 877 q
244 824 454 865 uomodo
488 829 658 866 autem
691 823 905 866 audient
937 823 1043 865 sine
1078 820 1431 878 praedicante?
1449 846 1503 852 —
1518 822 1621 864 alius
1640 827 1781 864 autem

203 890 348 931 tardus
365 889 540 944 ingenio,
563 889 802 932 libidinibus
832 889 1010 940 deditus,
1042 888 1209 944 flagitiis
1231 892 1273 930 et
1294 887 1543 930 facinoribus
1564 892 1783 942 coopertus

204 954 265 996 ita
286 955 551 1009 gubernetur,
577 960 624 997 ut
649 955 805 1006 audiat,
841 955 995 1005 credat,
1030 954 1278 1009 baptizetur,
1315 953 1503 1008 rapiatur
1536 958 1622 1004 aut,
1657 952 1689 994 si
1713 953 1782 995 de-

206 1024 347 1062 tentus
385 1021 450 1062 hic
488 1021 624 1071 fuerit,
670 1020 935 1062 laudabiliter
978 1019 1121 1062 uiuat?
1169 1019 1238 1061 ubi
1280 1019 1363 1061 duo
1406 1018 1474 1060 isti
1503 1023 1591 1060 tam
1619 1018 1783 1060 diuersa

206 1086 355 1128 merita
366 1091 676 1138 contraxerunt,
693 1100 777 1128 non
792 1086 897 1137 dico,
911 1090 959 1128 ut
974 1086 1051 1127 iste
1068 1086 1222 1135 credat,
1240 1084 1305 1126 ille
1322 1098 1402 1126 non
1420 1084 1574 1134 credat,
1593 1084 1703 1139 quod
1721 1088 1783 1125 est

206 1151 395 1206 propriae
412 1151 655 1201 uoluntatis,
674 1153 745 1194 scd
763 1157 810 1193 ut
827 1151 904 1193 iste
921 1151 1066 1193 audiat
1084 1152 1194 1206 quod
1212 1151 1366 1195 credat,
1386 1149 1450 1191 ille
1468 1164 1550 1191 non
1569 1149 1713 1191 audiat
1732 1174 1782 1179 —

206 1217 282 1260 hoc
307 1217 416 1260 enim
438 1232 522 1260 non
545 1223 607 1260 est
630 1217 672 1260 in
696 1216 1105 1272 hominis'potestate
1139 1208 1189 1246 —'
1222 1215 1304 1265 ubi,
1340 1216 1523 1270 inquam,
1559 1216 1658 1257 haec
1692 1220 1782 1257 tam

206 1284 371 1325 diuersa
404 1283 555 1325 merita
589 1282 912 1326 contraxerunt?
949 1283 981 1324 si
1016 1282 1188 1324 incaelo
1209 1286 1380 1336 egerunt
1415 1280 1598 1335 aliquam
1633 1280 1779 1330 uitam,
1835 1293 1851 1319 .·›

208 1354 255 1391 ut
278 1363 351 1404 pro
374 1350 457 1392 suis
481 1349 642 1391 actibus
666 1349 991 1404 propellerentur
1014 1348 1079 1390 uel
1101 1348 1338 1389 laberentur
1359 1346 1402 1388 in
1424 1350 1554 1388 terras
1577 1345 1784 1401 congruis·

208 1428 287 1470 que
328 1429 425 1458 suae
466 1420 564 1458 ante
596 1418 714 1457 actae
755 1415 867 1457 uitae
899 1414 1102 1469 corporeis
1133 1412 1403 1467 receptaculis
1434 1415 1685 1462 tenerentur,
1719 1410 1784 1453 ille

209 1481 354 1535 utique
382 1481 526 1523 melius
557 1485 654 1523 ante
683 1481 761 1523 hoc
790 1480 964 1523 mortale
993 1493 1140 1534 corpus
1170 1478 1321 1521 uixisse
1350 1478 1576 1520 credendus
1606 1481 1681 1527 est,
1713 1476 1785 1531 qui

209 1561 256 1589 eo
277 1560 361 1588 non
381 1547 562 1589 multum
583 1546 734 1589 meruit
754 1545 1030 1601 praegrauari,
1055 1549 1102 1587 ut
1124 1549 1165 1586 et
1186 1544 1342 1586 bonum
1373 1543 1544 1585 haberet
1573 1542 1785 1597 ingenium

210 1617 251 1654 et
271 1612 614 1668 concupiscentiis
635 1613 719 1654 eius
740 1611 974 1654 mitioribus
995 1615 1219 1666 urgeretur,
1243 1622 1345 1665 quas
1365 1614 1504 1664 posset
1526 1608 1644 1650 facile
1665 1620 1784 1662 supe-

209 1692 311 1726 rare,
343 1683 385 1720 et
413 1683 556 1720 tamen
585 1692 677 1720 eam
706 1677 783 1719 sibi
811 1677 991 1733 gratiam
1020 1675 1249 1731 praedicari
1278 1688 1361 1717 non
1390 1674 1554 1720 meruit,
1587 1686 1672 1729 qua
1698 1672 1787 1715 sola

210 1749 350 1799 posset
378 1757 402 1785 a
429 1744 632 1786 secundae
660 1743 805 1785 mortis
833 1741 1011 1798 pernicie
1037 1741 1220 1791 liberari;
1263 1740 1330 1782 ille
1357 1744 1499 1781 autem
1526 1753 1599 1794 pro
1627 1737 1786 1781 meritis

211 1809 497 1860 deterioribus,
522 1810 628 1852 sicut
651 1814 817 1865 putant,
841 1807 1020 1864 grauiori
1043 1806 1203 1862 corpori
1224 1805 1435 1861 inplicitus
1459 1810 1500 1847 et
1523 1804 1575 1847 ob
1598 1804 1676 1846 hoc
1699 1817 1785 1846 cor-

211 1875 274 1918 dis
301 1875 481 1926 obtunsi,
501 1889 595 1917 cum
622 1876 754 1917 carnis
780 1874 993 1917 inlecebris
1021 1872 1310 1916 ardentissima
1335 1871 1526 1925 cupidine
1553 1870 1787 1912 uinceretur

213 1946 254 1983 et
279 1955 352 1996 per
376 1941 671 1996 nequissimam
698 1941 830 1982 uitam
856 1938 1037 1995 peccatis
1063 1937 1260 1994 pristinis,
1289 1936 1438 1991 quibus
1465 1936 1517 1978 ad
1544 1936 1621 1977 hoc
1647 1934 1787 1976 uenire
1814 1945 1855 1975 ψ’»

304 2084 324 2118 6
347 2083 448 2118 Rom.
471 2083 523 2124 10,
546 2083 585 2117 14
701 2081 743 2115 22
763 2081 806 2115 cf.
826 2081 934 2126 Apoc.
951 2081 1004 2121 20,
1022 2080 1043 2114 6
1061 2090 1138 2125 sqq.

306 2191 321 2224 1
336 2188 475 2224 coartiti
486 2189 518 2223 A
529 2188 698 2223 coarctati
709 2188 730 2222 d
895 2189 914 2223 2
926 2186 1060 2222 ineunti
1070 2186 1130 2221 abd
1293 2183 1461 2231 ingeniosi
1473 2184 1562 2219 Km1
1693 2183 1714 2218 3
1726 2181 1787 2228 qui

218 2250 254 2284 in
270 2260 333 2293 φης).
354 2248 441 2283 mu,
549 2250 569 2283 4
590 2247 761 2282 luxoriam
779 2247 859 2282 Sml
973 2246 1170 2289 detestatur
1188 2245 1222 2290 (e
1241 2256 1266 2280 s.
1292 2244 1427 2289 a)LVP
1445 2255 1488 2279 m.
1510 2254 1570 2278 rec.
1590 2242 1787 2278 detestatur

213 2309 276 2343 GA
293 2308 511 2343 de*testatur
527 2307 553 2342 S
644 2306 828 2352 abtiorque
846 2306 935 2341 Kml
955 2305 1156 2351 raptiorque
1174 2305 1206 2339 A
1280 2305 1302 2339 5
1319 2307 1355 2339 et
1371 2303 1573 2339 inclusimus
1663 2300 1736 2345 sint
1754 2301 1786 2335 A

216 2367 366 2413 gratiam
388 2368 414 2403 P
505 2367 525 2401 6
547 2370 602 2402 eni
622 2377 647 2402 s.
673 2377 754 2402 eras,
778 2376 858 2412 ergo
877 2366 905 2400 G
997 2366 1016 2399 7
1039 2364 1181 2399 credent
1201 2363 1234 2398 01
1254 2362 1426 2409 quede
1535 2362 1556 2396 9
1578 2360 1782 2396 libidinosus

216 2426 408 2462 LVPGAT
439 2426 630 2462 libidinosis
658 2426 686 2461 S
885 2425 927 2460 10
955 2424 1168 2470 gubernatur
1197 2422 1232 2457 K
1426 2422 1464 2457 11
1495 2420 1553 2455 1110
1581 2422 1660 2455 ante
1684 2419 1785 2454 uiuat

217 2486 293 2521 add.
317 2487 357 2522 zd
477 2486 542 2521 iste
554 2486 635 2521 Dml
648 2485 717 2528 ista
739 2484 801 2529 (is.
828 2484 892 2527 &G
984 2485 1025 2519 14
1036 2485 1110 2528 post
1119 2482 1211 2517 enim
1222 2492 1304 2517 eras.
1317 2481 1374 2516 eL
1475 2478 1788 2526 potestatemLSM

218 2546 258 2580 15
278 2545 416 2592 merita]
439 2545 586 2580 materia
610 2545 641 2580 P
733 2545 773 2579 16
797 2543 1031 2590 propellentur
1055 2542 1086 2576 V
1106 2541 1355 2588 propelleretur
1377 2540 1420 2575 M
1511 2539 1568 2574 uel
1588 2538 1787 2574 laberentur

218 2617 282 2641 om.
305 2605 336 2639 V
427 2605 602 2640 laberetur
620 2604 662 2638 M
742 2605 782 2639 17
798 2606 898 2638 actae
916 2613 979 2638 om.
1001 2602 1035 2636 K
1114 2601 1153 2636 18
1170 2600 1343 2635 credenda
1363 2599 1395 2634 P
1486 2597 1547 2644 qui
1569 2597 1623 2644 eo]
1647 2607 1736 2643 quac
1759 2596 1789 2632 G

220 2665 262 2700 19
288 2664 400 2700 multo
422 2664 466 2699 M
574 2664 617 2699 20
640 2661 964 2709 concupiscentibus
987 2661 1031 2696 M
1134 2663 1336 2706 urgueretur
1358 2658 1533 2694 PGKAM
1548 2654 1745 2703 surgeretur
1759 2654 1790 2690 0

221 2725 263 2759 22
280 2735 302 2759 a
317 2735 379 2759 om.
393 2723 482 2759 Km1
555 2724 597 2759 23
608 2725 738 2769 putant
756 2721 903 2757 s.l.Km2
971 2730 1111 2767 corpore
1125 2719 1210 2754 Lm?
1280 2719 1322 2754 24
1334 2715 1639 2753 obmnsiLobtusi
1650 2714 1790 2751 PKde

223 2782 411 2818 uinciretur
428 2783 524 2827 Vp.c,
546 2782 766 2818 uincerentur
791 2781 832 2815 M
898 2781 939 2816 25
959 2791 1021 2826 per
1035 2790 1078 2815 ex
1093 2789 1155 2825 pro
1174 2778 1206 2813 P
1279 2776 1406 2824 quibus
1431 2775 1482 2812 bis
1496 2773 1594 2811 a.e.V

1813 963 1851 992 10

1812 1620 1853 1648 20
