1976 3210
150 974 188 1003 ¹0

150 1303 187 1332 15

148 1634 190 1662 2⁰

149 1962 190 1992 25

805 242 882 277 cap.
914 232 970 273 25,
999 231 1142 273 42—26‚
1167 233 1210 267 44
1695 220 1772 262 197

215 356 384 412 quando
403 357 570 412 quidem
598 357 676 399 hoc
695 363 839 412 gentes
860 356 1107 399 naturaliter
1128 355 1323 398 habeant.
1350 356 1644 411 pertractanda
1667 356 1793 407 igitur

215 423 315 466 haec
340 422 545 478 quaestio,
565 436 672 478 quae
696 436 778 465 non
796 422 1013 464 inediocris
1037 427 1181 464 exorta
1199 426 1272 464 est.
1298 422 1408 464 dicet
1431 422 1539 464 enim
1559 421 1727 477 aliquis:
1747 421 1793 463 ‘si

215 489 315 531 deus
349 488 445 531 hinc.
477 488 675 531 discernit
708 503 732 531 a
765 493 905 531 uetere
939 494 1193 530 testamento
1228 502 1397 537 nouum,
1433 489 1544 543 quod
1580 488 1619 530 in
1657 493 1794 530 uetere

214 553 343 610 legem
369 568 486 596 suain
511 555 677 609 scripsit
701 555 741 596 in
768 554 936 605 tabulis,
962 554 1003 596 in
1031 568 1138 596 nouo
1164 559 1304 596 autern
1331 554 1494 609 scripsit
1520 554 1561 596 in
1587 553 1792 601 cordibus,

215 619 357 663 fideles
383 619 480 663 noui
506 620 748 663 testamenti
773 621 882 662 unde
907 620 1200 662 discernuntur
1224 635 1247 662 a
1270 619 1478 673 gentibus
1505 634 1612 675 quae
1637 620 1795 663 habent

216 700 318 742 opus
339 685 437 741 legis
458 686 660 741 seriptum
681 687 723 728 in
744 685 937 729 cordibus
958 686 1054 735 suis,
1078 699 1159 741 quo
1182 686 1430 728 naturaliter
1450 699 1556 741 quae
1578 686 1675 738 legis
1697 693 1795 728 sunt

217 752 388 803 faciunt,
415 752 533 807 quasi
558 753 639 795 iam
665 752 733 794 illo
758 751 911 808 populo
938 758 1075 795 uetere.
1100 753 1292 807 potiores.
1319 753 1389 807 qui
1414 752 1543 808 legem
1568 753 1726 807 accepit
1754 753 1792 793 in

215 817 383 865 tabulis
405 825 447 860 et
468 832 576 860 nouo
597 818 750 873 populo
770 819 937 873 prioreS,
959 818 1025 860 cui
1045 819 1122 861 hoc
1144 823 1381 874 praestatur
1402 832 1473 873 per
1492 823 1792 860 testamentum

216 898 385 931 1101111111,
417 886 527 940 quod
558 885 620 927 his
652 890 801 927 natura
832 885 913 926 iam
944 883 1201 939 praestitit?

321 965 383 1005 44.
426 963 488 1004 An
530 962 635 1005 forte
673 977 740 1005 eas
777 967 921 1015 gentes
960 963 1304 1005 commemorauit
1342 961 1555 1017 apostolus
1593 962 1791 1017 scriptam

216 1028 366 1070 habere
388 1029 429 1070 in
453 1028 645 1071 cordibus
669 1028 812 1083 legem,
837 1043 943 1085 quae
966 1029 1019 1071 ad
1041 1042 1196 1071 nouum
1224 1029 1434 1084 pertinent
1460 1027 1794 1070 testamentum?

216 1095 269 1136 ad
294 1095 371 1137 hoc-
396 1094 503 1136 enim
531 1096 640 1137 unde
666 1095 838 1143 uenerit,
866 1095 1113 1137 intuendum
1139 1100 1213 1137 est.
1243 1095 1375 1150 primo
1401 1094 1661 1149 euangelium
1687 1108 1797 1136 eoin-

217 1161 417 1203 mcndans
442 1161 521 1202 ait:
560 1161 764 1203 uirtus
801 1161 953 1203 enim
989 1161 1084 1203 dei
1120 1166 1210 1202 est
1247 1162 1301 1203 in
1337 1160 1601 1203 salutem
1640 1174 1763 1201 omn
1786 1160 1793 1200 i

217 1227 516 1276 eredenti,
565 1227 792 1270 Iudaeo
843 1226 1096 1282 prinlum
1142 1233 1197 1268 et
1246 1228 1487 1270 Graeco.
1537 1226 1794 1267 iustitia

218 1291 369 1334 enim
430 1293 523 1334 (lei
579 1293 632 1334 in
690 1307 751 1334 eo
808 1292 1132 1335 reuelatur
1186 1306 1251 1334 ex
1305 1294 1431 1335 fide
1486 1293 1539 1333 111
1596 1292 1794 1337 sideni,

217 1357 382 1400 sicut
416 1359 720 1413 scriptum
754 1365 864 1400 est:
896 1359 1102 1401 iustus
1133 1366 1332 1401 autem
1364 1373 1429 1400 ex
1460 1358 1586 1399 fide
1619 1357 1793 1400 uiuit.

217 1423 365 1466 deinde
392 1424 576 1480 loquitur
602 1425 653 1466 de
679 1423 758 1465 illis
784 1424 936 1479 impiis,
966 1425 1115 1480 quibus
1143 1430 1313 1480 propter
1348 1424 1584 1480 superbiam
1622 1438 1695 1465 nee
1732 1438 1797 1465 co-

215 1489 349 1542 gnitio
376 1491 442 1532 dei
468 1491 638 1546 profuit,
668 1490 765 1546 quia
794 1505 874 1532 non
902 1491 1009 1532 sicut
1036 1491 1159 1533 deum
1177 1490 1516 1545 glorificauerunt
1544 1495 1616 1531 aut
1643 1490 1798 1543 gratias

218 1561 400 1610 egerunt.
435 1556 532 1599 inde
564 1556 714 1598 transit
747 1557 799 1598 ad
833 1570 913 1607 eos,
949 1556 1021 1611 qui
1051 1556 1239 1599 iudicant
1272 1562 1313 1598 ct
1346 1562 1475 1612 agunt
1509 1555 1622 1606 talia,
1658 1555 1798 1611 qualia

217 1621 511 1673 condemnant,
534 1622 728 1664 nimirum
749 1628 919 1678 propter
938 1623 1127 1673 Iudaeos,
1149 1622 1220 1678 qui
1239 1623 1289 1665 dc
1310 1622 1394 1678 lege
1413 1622 1479 1664 dei
1496 1621 1796 1675 gloriabantur,

218 1687 410 1741 quamuis
438 1689 574 1730 adhuc
603 1702 670 1731 eos
700 1689 948 1731 nominatim
980 1702 1061 1730 non
1090 1688 1311 1744 exprimat,
1342 1694 1383 1730 et
1413 1688 1454 1730 in
1483 1701 1530 1730 eo
1559 1687 1679 1730 dicit:
1711 1688 1757 1728 ir
1775 1702 1795 1728 a

218 1759 274 1795 et
322 1753 695 1808 indignatio,
743 1754 1089 1797 tribulatio
1137 1760 1194 1796 et
1251 1754 1545 1809 angustia
1594 1754 1647 1795 in
1698 1768 1797 1794 om-

220 1832 341 1861 nem
381 1820 636 1863 animam
667 1821 931 1862 hominis
962 1821 1288 1875 operantis
1318 1820 1547 1867 malum,
1581 1819 1796 1861 Iudaei

219 1885 470 1940 primum
526 1892 581 1928 et
630 1887 866 1937 (lraeei;
912 1886 1115 1942 gloria
1160 1891 1359 1928 autem
1406 1892 1462 1927 et
1508 1887 1698 1928 honor
1743 1893 1798 1926 et

219 1963 330 2005 pax
391 1952 545 1994 omni
615 1951 906 2007 operanti
966 1952 1193 2003 bonum,
1257 1952 1484 1994 Iudaeo
1545 1951 1798 2006 primuni

220 2023 275 2058 et
315 2018 556 2060 Graeco.
608 2032 715 2059 non
755 2023 846 2060 est
883 2018 1035 2060 enim
1074 2031 1473 2073 personarum
1511 2017 1799 2072 acceptio

316 2197 358 2232 13
376 2198 477 2233 Rom.
499 2200 526 2239 1,
544 2199 593 2233 16.
611 2199 651 2234 17
702 2199 741 2233 18
755 2198 797 2233 ci.
819 2198 920 2233 Rom.
938 2200 970 2239 1,
986 2198 1024 2234 21
1092 2197 1134 2234 19
1147 2197 1190 2233 cf.
1208 2197 1310 2233 Rom.
1325 2199 1356 2240 2,
1374 2198 1395 2232 2
1453 2199 1493 2233 ‘21
1513 2197 1615 2232 Rom.
1634 2198 1667 2238 2,
1686 2198 1799 2231 8-—13

316 2313 331 2346 l
347 2311 598 2356 pertractanda
608 2312 646 2356 (n
657 2322 683 2347 s,
696 2311 730 2352 l.,
742 2311 789 2347 da
799 2311 838 2346 in
848 2313 928 2357 my.)
942 2312 974 2347 P
1047 2313 1068 2347 2
1079 2311 1166 2347 dicit
1176 2311 1242 2347 ΚΟ
1333 2313 1355 2348 3
1369 2314 1533 2346 aumtere
1544 2311 1576 2345 P
1597 2314 1757 2346 auertere
1767 2310 1796 2344 G

226 2370 336 2424 ueteri
345 2370 425 2406 000
516 2382 609 2406 nouo
623 2373 662 2416 (ῡ
673 2382 698 2406 8.
710 2371 776 2416 sin.
788 2374 823 2415 o)
834 2371 867 2406 P
958 2371 1068 2407 ueteri
1076 2371 1127 2407 Ob
1225 2373 1245 2406 4
1256 2371 1331 2417 lege
1339 2371 1424 2406 Oml
1549 2382 1643 2406 noua
1654 2370 1797 2405 LmlSG

224 2429 246 2465 6
265 2440 327 2476 qm
346 2430 402 2466 m2
422 2441 464 2466 ex
482 2442 552 2477 quo
571 2431 600 2466 L
660 2433 679 2467 7
695 2431 829 2467 faciant
848 2431 866 2467 b
946 2431 1046 2478 quasi
1065 2430 1150 2477 iam]
1171 2431 1307 2478 quasdz'i.
1323 2431 1415 2467 LPG
1436 2430 1573 2478 quosda
1589 2431 1637 2466 Sb
1699 2430 1761 2465 illa
1780 2430 1798 2462 b

227 2489 338 2525 ueteri
358 2489 377 2525 b
395 2500 527 2536 semper
714 2491 889 2538 ptotiores
906 2491 936 2527 Ο
1098 2490 1228 2538 accipit
1245 2491 1338 2527 Oml
1529 2491 1551 2526 8
1576 2490 1706 2536 priores
1727 2489 1796 2534 cui}

226 2549 379 2596 potiores
399 2550 527 2596 quibus
546 2550 627 2598 (bus
647 2562 673 2587 8.
695 2552 733 2595 l.)
752 2551 795 2593 P,
816 2552 835 2587 b
934 2551 955 2586 9
974 2550 1045 2586 iam
1064 2563 1128 2587 om.
1149 2550 1179 2586 0
1284 2551 1326 2587 10
1337 2556 1501 2597 ugentes
1520 2551 1550 2586 L
1567 2550 1722 2596 legentes
1741 2550 1799 2583 SG

226 2610 264 2646 11
289 2608 326 2644 in
344 2610 507 2645 cordibus
526 2610 655 2646 habere
663 2611 725 2646 zbd
803 2610 996 2658 pertineto
1079 2611 1121 2647 12
1143 2621 1269 2647 comm.
1282 2621 1405 2657 euang.
1419 2611 1437 2645 b
1521 2611 1561 2646 13
1582 2609 1733 2644 salutes
1739 2608 1798 2643 PG

228 2670 269 2705 14
282 2668 386 2705 iudeo
395 2669 516 2706 PGOG
605 2681 706 2717 groco
718 2671 810 2707 codd.
904 2672 944 2707 17
962 2680 1025 2708 nec
1034 2670 1068 2716 (c
1078 2681 1105 2707 ε.
1117 2670 1139 2706 l.
1150 2670 1254 2714 m2)0
1345 2672 1388 2707 18
1404 2675 1467 2706 aut
1478 2671 1515 2714 (a
1525 2680 1551 2705 s.
1565 2668 1683 2712 ras.)P
1692 2673 1733 2703 ut
1741 2668 1799 2703 SG

225 2729 269 2765 20
281 2728 403 2765 iudeus
412 2729 445 2765 P
554 2729 599 2766 de
608 2742 672 2767 om.
685 2730 704 2766 b
813 2730 871 2766 dei
880 2742 944 2767 om.
956 2730 976 2766 b
1096 2730 1434 2777 gloriabuntuerl
1527 2730 1566 2765 21
1584 2739 1642 2764 eos
1653 2728 1769 2763 adhuc
1780 2728 1800 2762 b

228 2787 264 2824 in
273 2787 330 2835 00]
340 2788 418 2825 ideo
427 2789 481 2825 od
586 2791 629 2826 23
639 2790 760 2827 anima
768 2791 806 2836 (ἰ
815 2800 842 2827 ³.
854 2790 897 2835 is)
908 2790 940 2826 P
1055 2791 1282 2837 operante-(e
1291 2790 1356 2835 tin.
1368 2800 1410 2825 ez
1420 2789 1432 2824 i
1442 2788 1543 2833 m2)0
1655 2789 1695 2822 24
1708 2787 1800 2834 greci

227 2847 294 2895 (cic
302 2858 434 2895 semper
441 2850 524 2896 lere)
533 2849 688 2887 LSPOK
765 2851 809 2887 26
820 2849 914 2886 enim
925 2853 979 2886 est
997 2850 1035 2886 zb
1110 2849 1270 2897 acceptio
1280 2860 1369 2896 pers.
1385 2849 1404 2884 b
