2028 3204
299 188 381 230 338
425 207 431 214 ’
743 198 802 234 lv.
834 198 886 233 De
918 202 1046 235 natura
1075 202 1111 234 et
1142 199 1272 246 origine
1301 199 1441 237 animae

299 324 377 367 sub
411 324 549 366 fronte
580 327 622 366 et
648 337 774 379 supra
809 323 959 366 buccas
991 337 1060 366 cor
1091 323 1243 367 habere
1267 325 1474 369 credebas.
1506 325 1630 378 absit,
1670 331 1719 370 ut
1749 327 1801 370 de
1832 331 1874 371 te

307 390 386 432 hoc
423 389 622 441 sentiam;
655 402 790 444 neque
823 389 900 431 hoc
932 394 975 431 te
1005 389 1132 444 igitur
1160 390 1238 433 iste
1272 391 1427 434 docuit.

381 469 418 509 4.
452 467 538 509 Aut
564 465 598 507 si
627 466 733 508 forte
759 470 856 507 ante
886 465 1006 508 huius
1019 465 1267 517 doctrinam,
1300 480 1427 522 quam
1447 468 1570 511 modo
1597 473 1640 511 te
1666 467 1872 512 inuenisse

296 531 480 582 laetaris,
510 532 672 574 animae
697 537 894 574 naturam
926 531 992 575 dei
1019 532 1200 587 putabas
1231 545 1317 575 esse
1344 533 1592 589 portionem,
1624 534 1701 578 hoc
1742 533 1864 589 plane

302 611 396 640 curn
418 597 621 640 horrendo
646 596 827 652 periculo
848 597 999 640 falsum
1020 610 1106 639 esse
1123 596 1346 641 nesciebas.
1381 604 1423 641 et
1445 599 1478 641 si
1499 598 1551 642 ab
1569 599 1651 641 isto
1673 599 1868 651 didicisti,

301 663 413 717 quod
447 662 589 705 anima
616 662 754 718 portio
785 662 851 706 dei
879 676 964 706 non
995 663 1062 715 sit,
1107 676 1180 719 age
1212 663 1289 706 deo
1330 663 1499 720 gratias,
1530 670 1710 720 quantas
1734 670 1867 720 potes,

299 728 411 782 quod
444 741 541 780 non,
566 733 794 783 antequam
828 729 905 770 hoc
932 727 1127 781 didicisti,
1152 729 1203 771 de
1224 742 1394 784 corpore
1413 729 1555 781 existi;
1588 731 1738 774 exisses
1760 730 1869 774 enim

297 806 474 850 magnus
506 795 710 837 hereticus
744 799 785 836 et
819 793 1130 850 blasphemator
1157 795 1396 838 horrendus.
1428 795 1540 841 nullo
1570 797 1694 839 modo
1726 802 1868 840 tamen

297 860 426 902 etiam
481 860 523 903 id
567 860 618 902 de
664 863 706 901 te
747 859 1090 911 existimauerim,
1136 861 1248 914 quod
1298 861 1420 904 homo
1465 860 1692 904 catholicus
1736 875 1869 918 neque

297 925 627 981 contemptibilis
669 925 886 981 presbyter
908 924 1070 968 animae
1098 930 1294 968 naturam
1314 927 1549 981 portionem
1569 927 1634 969 dei
1661 927 1868 971 sentiebas

297 1004 397 1034 esse.
433 992 555 1042 unde,
596 991 732 1034 fateor
770 990 982 1034 dilectioni
1031 995 1141 1042 tuae,
1182 992 1323 1043 timeo,
1366 1006 1417 1036 ne
1454 993 1561 1036 forte
1600 993 1677 1035 hoc
1714 998 1756 1036 te
1791 993 1869 1036 iste

299 1056 501 1108 docuerit,
539 1057 651 1111 quod
681 1057 820 1112 potius
851 1057 906 1099 sit
936 1057 1194 1099 contrarium
1221 1057 1257 1099 ei
1281 1057 1379 1100 fidei
1413 1070 1539 1112 quam
1569 1058 1754 1102 tenebas.

379 1134 457 1176 III.
493 1133 529 1177 5.
584 1133 701 1177 Sicut
746 1135 854 1177 enim
900 1147 983 1178 non
1023 1135 1200 1178 arbitror
1235 1141 1277 1179 te
1314 1149 1514 1192 umquam
1568 1136 1610 1178 in
1663 1135 1870 1179 catholica

300 1200 485 1243 animam
514 1200 737 1243 credidisse
771 1201 837 1243 dei
863 1214 949 1243 esse
985 1202 1219 1255 portionem
1252 1201 1318 1243 uel
1359 1201 1441 1243 ullo
1474 1202 1598 1244 modo
1632 1201 1794 1244 animae
1826 1207 1868 1243 et

294 1265 361 1308 dei
394 1266 567 1308 eandem
611 1279 697 1309 esse
726 1270 935 1317 naturam,
979 1267 1041 1309 ita
1071 1272 1227 1318 metuo,
1269 1279 1319 1309 ne
1351 1266 1458 1310 forte
1491 1267 1741 1310 consenseris
1775 1267 1869 1310 huic

296 1331 467 1382 homini,
507 1332 629 1386 ‘quod
683 1332 868 1374 animam
903 1333 1003 1374 deus
1043 1346 1125 1375 non
1158 1333 1208 1375 de
1253 1331 1380 1376 nihilo
1424 1333 1580 1384 fecerit,
1617 1333 1686 1374 sed
1726 1331 1787 1375 ita
1819 1346 1870 1375 ex

298 1396 387 1451 ipso
420 1396 485 1447 sit,
520 1402 567 1439 ut
601 1396 653 1438 ab
691 1396 780 1452 ipso
818 1397 1111 1449 emanauerit‘;
1154 1399 1230 1441 hoc
1262 1397 1373 1440 enim
1411 1399 1539 1440 etiam
1585 1398 1758 1440 uerbum
1790 1397 1869 1441 iste

300 1462 443 1517 posuit
475 1462 584 1505 inter
617 1467 767 1513 cetera,
804 1463 953 1519 quibus
986 1463 1027 1506 in
1061 1464 1139 1506 hac
1181 1463 1424 1518 quaestione
1457 1465 1509 1507 ad
1540 1462 1721 1506 immane
1752 1477 1869 1518 prae-

297 1527 487 1582 cipitium
521 1527 788 1571 exorbitauit.
830 1532 874 1571 at
906 1542 1003 1572 uero
1037 1529 1114 1572 hoc
1146 1529 1178 1571 si
1211 1534 1252 1572 te
1285 1530 1441 1580 docuit,
1474 1528 1568 1572 nolo
1601 1542 1666 1571 me
1698 1530 1866 1580 doceas3

296 1592 422 1636 immo
472 1593 600 1635 etiam
633 1595 727 1636 uolo
770 1599 817 1636 ut
859 1596 970 1649 quod
1003 1593 1205 1637 didiceras
1247 1594 1334 1649 ipse
1374 1595 1573 1637 dediscas,
1626 1608 1773 1650 parum
1806 1599 1868 1637 est

295 1658 406 1701 enim
435 1671 518 1702 non
543 1660 706 1702 credere
729 1673 864 1715 neque
889 1660 1023 1702 dicere
1051 1660 1162 1715 quod
1192 1673 1285 1714 pars
1311 1659 1377 1702 dei
1409 1660 1463 1702 sit
1496 1658 1636 1702 anima
1660 1682 1712 1687 —
1732 1673 1866 1716 neque

295 1725 406 1766 enirn
449 1730 489 1766 et
531 1724 666 1767 filium
698 1724 763 1767 uel
796 1723 989 1781 spiritum
1022 1729 1217 1768 sanctum
1250 1730 1413 1780 partem
1459 1724 1523 1768 dei
1556 1723 1863 1775 esse-dicimus,

295 1794 337 1832 et
371 1795 514 1833 tamen
545 1791 720 1834 dicimus
763 1794 926 1845 patrem
967 1795 1009 1833 et
1050 1789 1184 1832 filium
1217 1795 1259 1833 et
1290 1790 1486 1845 spiritum
1518 1795 1709 1833 sanctum
1743 1790 1865 1833 unius

294 1855 561 1912 eiusdemque
579 1869 664 1898 esse
681 1860 856 1898 naturae
878 1881 934 1907 —,
951 1868 1098 1912 parum
1110 1861 1172 1898 est
1187 1870 1294 1912 ergo,
1308 1860 1355 1899 ut
1377 1869 1460 1899 non
1477 1856 1662 1899 dicamus
1681 1854 1864 1898 animam

294 1934 381 1964 esse
413 1926 576 1976 partem
608 1921 694 1972 dei3
739 1922 808 1964 sed
842 1922 919 1964 hoc
951 1921 1080 1964 etiam
1114 1935 1216 1977 opus
1249 1927 1312 1964 est
1346 1926 1393 1964 ut
1424 1921 1611 1964 dicamus
1655 1934 1739 1964 non
1772 1934 1864 1964 eam

293 1991 336 2029 et
367 1988 492 2030 deum
525 1987 645 2030 unius
678 1986 943 2041 eiusdemque
976 2000 1062 2030 esse
1094 1993 1279 2030 naturae.
1316 1987 1424 2030 unde
1456 1986 1522 2030 ille
1554 1990 1664 2029 recte
1697 1985 1866 2040 quidem

295 2051 356 2094 ait
391 2055 530 2108 ‘genus
563 2053 629 2095 dei
661 2065 747 2095 esse
780 2051 940 2095 animas
973 2066 1153 2103 munere,
1187 2065 1269 2095 non
1302 2053 1468 2095 natura‘
1501 2065 1549 2094 ac
1583 2065 1652 2107 per
1681 2051 1758 2094 hoc
1783 2064 1866 2094 non

296 2119 498 2169 omnium,
548 2118 620 2160 sed
669 2116 876 2169 fidelium3
919 2118 990 2160 sed
1040 2131 1179 2160 rursus
1231 2118 1283 2161 ad
1334 2118 1376 2160 id
1428 2119 1537 2174 quod
1581 2116 1865 2160 declinauerat

293 2183 517 2226 deuolutus
550 2188 612 2225 est
645 2188 687 2226 et
719 2184 843 2226 deum
876 2187 1003 2239 atque
1024 2182 1207 2226 animam
1230 2182 1414 2226 eiusdem
1440 2183 1548 2226 dixit
1569 2195 1657 2226 esse
1673 2187 1863 2234 naturae,

295 2261 378 2291 non
411 2249 579 2303 quidem
612 2248 673 2291 his
706 2247 855 2298 uerbis,
889 2249 962 2292 sed
993 2253 1139 2304 aperta
1171 2248 1479 2303 manifestaque
1510 2248 1731 2291 sententia.
1767 2259 1861 2290 cum

388 2396 430 2432 16
448 2395 546 2432 Vino.
567 2396 686 2432 Victor
778 2397 819 2432 27
837 2395 935 2432 Vino.
955 2396 1087 2438 Vict0r;
1105 2396 1149 2432 cf.
1167 2407 1246 2443 pag.
1260 2396 1337 2438 333,
1352 2398 1386 2433 4.
1399 2396 1422 2431 5

389 2511 406 2545 1
426 2509 551 2545 baccas
559 2509 645 2544 le
707 2509 728 2543 3
746 2509 832 2555 Aut]
846 2506 894 2544 At
907 2509 948 2544 bd
1015 2511 1035 2545 7
1052 2508 1204 2545 didicisti
1219 2509 1285 2544 hoc
1301 2507 1361 2544 BG
1425 2509 1491 2544 hoc
1506 2507 1608 2544 om.D
1666 2506 1861 2543 didicitisA

293 2568 406 2605 exisse
425 2568 454 2604 Ο
554 2569 575 2604 9
600 2567 882 2604 exestimauerim
902 2567 1053 2604 ACle
1173 2569 1216 2604 10
1243 2566 1480 2604 contentibilis
1500 2568 1534 2603 A
1559 2565 1807 2603 contemtibilis
1830 2564 1862 2601 Β

297 2639 371 2669 esse
386 2627 561 2664 sentiebas
574 2628 640 2664 DE
745 2628 786 2663 11
816 2627 947 2663 irateor
956 2628 990 2663 A
1090 2628 1131 2663 13
1154 2637 1225 2663 non
1239 2627 1326 2663 om.b
1414 2636 1598 2674 nunquam
1607 2626 1628 2662 b
1715 2625 1753 2662 in
1766 2625 1861 2662 omfi

297 2687 472 2723 catholica
486 2686 547 2723 BG
607 2689 681 2733 post
696 2686 824 2723 cathol.
843 2698 870 2722 s.
883 2685 904 2723 1.
918 2687 995 2722 add.
1007 2686 1063 2722 m2
1076 2686 1147 2722 fide
1156 2687 1188 2722 F
1233 2688 1275 2723 14
1286 2686 1405 2723 anima
1414 2685 1448 2722 D
1494 2686 1536 2722 15
1549 2695 1623 2722 eme
1638 2685 1786 2721 eandem
1799 2683 1860 2720 BG

299 2746 525 2783 consentieris
536 2747 567 2781 E
685 2747 727 2783 18
743 2746 790 2782 ad
805 2745 842 2781 in
856 2745 1008 2782 immane
1019 2746 1051 2781 Ε
1161 2745 1338 2792 praecipio
1347 2745 1381 2781 A
1503 2745 1548 2782 19
1565 2745 1618 2792 at]
1630 2747 1697 2781 aut
1708 2745 1742 2780 A
1757 2754 1780 2780 a
1796 2743 1861 2780 DE

298 2806 345 2842 ad
359 2806 388 2842 G
469 2807 512 2842 20
529 2805 679 2842 didiscas
690 2805 716 2842 G
805 2806 848 2842 23
862 2805 990 2842 unusG
1074 2806 1117 2841 27
1133 2803 1349 2841 natumoo
1422 2804 1467 2841 29
1482 2806 1537 2841 est
1549 2803 1648 2840 omA

1899 940 1938 970 1⁰

1900 1231 1994 1334 3

1968 1338 1992 1416 ξ

1979 1777 1981 1786 -
1967 1740 1982 1757 *ι
1971 1706 1981 1731 υ
1966 1667 1981 1675 s
1966 1596 1985 1656 Φῑμ
1966 1443 1986 1582 namuco
