2028 3204
234 227 318 271 416
667 236 725 272 IV.
758 236 811 272 De
842 239 971 272 natura
1001 240 1036 272 et
1068 236 1200 283 origine
1231 238 1371 272 animae

234 360 363 402 etiam
400 359 551 414 quibus
588 358 724 401 uerbis
761 358 955 414 spiritum
989 358 1198 402 definieris
1234 363 1362 414 atque
1397 359 1672 415 descripseris,
1709 372 1806 403 cum

230 424 347 468 illum
376 424 429 467 ab
457 425 597 467 anima
624 424 877 479 distinguere
904 424 1060 470 niteris.
1110 423 1205 467 haee
1231 425 1386 476 anima,
1430 424 1582 480 inquis,
1630 437 1731 478 quae
1756 437 1807 467 ex

234 490 337 543 flatu
364 490 429 532 dei
458 489 570 531 habet
599 489 805 543 oriqi'sne‘m,
838 489 926 532 sisne
955 503 1076 532 sensu
1102 489 1266 544 proprio
1295 493 1407 543 tuque
1435 489 1636 533 mtelleetu
1661 490 1805 533 intimo

233 568 315 597 esse
337 568 419 597 mm
441 555 584 609 potuit,
609 554 711 608 quod
735 559 790 597 est
811 555 995 608 spiritus.
1030 558 1073 597 et
1094 555 1218 610 paulo
1241 559 1357 610 post:
1383 558 1419 597 et
1439 555 1628 608 quamuis
1650 555 1804 607 anima,

232 621 383 676 inquis,
397 620 547 663 animet
561 632 719 674 eorpus,
731 623 863 662 tamen
874 619 976 674 quod
989 620 1120 671 sentit,
1134 619 1236 673 quod
1249 620 1371 674 sapit,
1385 620 1488 673 quod
1499 621 1619 675 αἱρεῖ,
1633 620 1804 674 spiritus
1829 635 1850 665 ⁵

233 687 285 728 sit
311 699 466 728 necesse
494 689 561 727 est.
599 685 701 727 item
728 685 852 741 paulo
880 689 995 741 post:
1026 685 1140 727 aliud
1167 685 1254 737 erit,
1282 685 1432 740 inquis
1462 687 1604 728 anima
1631 689 1666 728 et
1692 684 1807 728 aliud

232 751 416 805 spiritus,
447 751 651 804 sapientia
681 755 715 792 et
745 763 885 794 sensus
913 751 1087 793 animae.
1128 751 1191 793 his
1221 751 1357 793 uerbis
1387 751 1489 794 satis
1518 751 1676 794 indicas
1705 750 1805 806 quid

236 830 322 858 esse
347 817 538 872 spiritum
563 816 742 858 hominis
767 816 936 867 sentias,
962 816 1003 858 id
1029 821 1093 858 est
1116 816 1317 859 rationale
1343 820 1547 867 nostrum,
1573 829 1654 871 quo
1679 816 1808 858 sentit

233 886 359 937 atque
392 881 595 935 intellegit
627 882 781 934 anima,
826 895 907 924 non
941 882 1046 923 sicut
1080 882 1258 923 sentitur
1289 882 1470 936 corporis
1503 881 1700 934 sensibus,
1735 881 1805 923 sed

236 948 343 990 sicut
369 952 433 989 est
459 947 526 989 ille
552 947 725 990 intimus
753 960 909 998 sensuS,
937 960 988 989 ex
1014 960 1094 1001 quo
1123 951 1186 989 est
1212 946 1424 1002 appellata
1451 947 1669 990 sententia.
1710 946 1807 989 hinc
1836 961 1877 991 ιο

235 1017 378 1054 autem
406 1012 623 1068 pecoribus
654 1012 741 1055 sine
769 1012 1031 1055 dubitatione
1060 1012 1365 1067 praeponimur,
1396 1025 1443 1054 eo
1471 1012 1584 1068 quod
1611 1015 1711 1054 sunt
1738 1011 1809 1055 illa

235 1078 407 1120 rationis
432 1078 631 1134 expertia.
674 1091 756 1120 non
780 1078 940 1120 habent
963 1078 1105 1132 itaque
1128 1078 1320 1133 spiritum
1343 1090 1506 1132 pecora,
1530 1077 1571 1119 id
1598 1082 1663 1120 est
1686 1076 1808 1120 intel-

233 1143 389 1185 lectum
412 1148 454 1185 et
474 1143 647 1186 rationis
668 1157 717 1186 ac
738 1143 966 1198 sapientiae
988 1155 1167 1194 sensum,
1190 1143 1259 1185 sed
1280 1143 1467 1185 animam
1488 1148 1669 1185 tantum.
1709 1155 1807 1185 nam

236 1214 278 1250 et
318 1210 369 1251 de
409 1208 488 1250 illis
528 1209 687 1251 dictum
729 1214 811 1251 est:
866 1208 1217 1263 producant
1270 1221 1462 1263 aquae
1517 1208 1809 1263 repentia

233 1274 574 1316 animarum
618 1273 985 1325 uiuentium,
1018 1278 1078 1315 et:
1125 1274 1432 1328 producat
1477 1278 1646 1316 terra
1690 1272 1807 1315 ani·
1834 1285 1875 1316 15

236 1353 277 1380 m
297 1353 322 1381 a
340 1353 381 1382 m
415 1353 441 1381 u
461 1339 471 1380 i
490 1354 516 1381 u
535 1354 555 1381 e
572 1353 598 1381 n
615 1344 633 1381 t
650 1353 671 1381 e
688 1353 743 1381 m.
780 1343 829 1382 ut
848 1351 942 1393 ergo
961 1338 1195 1394 plenissime
1214 1352 1262 1381 ac
1280 1338 1518 1394 planissime
1536 1332 1698 1381 noueffis
1717 1351 1809 1381 eam

236 1418 341 1459 quac
371 1405 513 1447 anima
543 1410 607 1446 est
636 1417 750 1446 more
779 1404 1018 1447 diuinorum
1049 1403 1302 1459 eloquiorum
1333 1404 1459 1446 etiam
1490 1403 1681 1459 spiritum
1711 1403 1807 1455 dici,

231 1470 469 1525 appellatur
504 1470 663 1525 pecoris
700 1470 882 1525 spiritus.
937 1475 979 1512 et
1015 1469 1161 1524 utique
1197 1483 1279 1512 non
1313 1469 1472 1511 habent
1507 1481 1657 1525 pecora
1691 1468 1809 1511 illum

233 1536 439 1590 spiritum,
476 1549 599 1590 quem
630 1540 704 1577 tua
733 1535 899 1577 dilectio
929 1536 1163 1577 discernens
1192 1534 1246 1577 ab
1275 1535 1417 1577 anima
1446 1534 1652 1577 definiuit.
1700 1534 1809 1576 unde

233 1600 503 1643 manifestum
527 1606 604 1652 est,
630 1600 739 1655 quod
762 1600 940 1654 generali
962 1599 1165 1642 uocabulo
1188 1600 1329 1642 anima
1351 1600 1510 1655 pecoris
1534 1604 1645 1642 recte
1667 1599 1809 1654 potuit
1834 1612 1879 1643 zo

234 1666 291 1708 sic
312 1666 467 1717 uocari,
493 1666 600 1707 sicut
622 1666 771 1719 legitur
794 1665 835 1707 in
859 1665 963 1707 libro
985 1665 1255 1708 Ecclesiaste:
1280 1678 1307 1720 q
1323 1679 1350 1707 u
1368 1665 1381 1706 i
1399 1679 1417 1707 s
1455 1679 1472 1707 s
1489 1678 1510 1707 c
1528 1665 1541 1706 i
1559 1670 1591 1717 t,
1630 1678 1648 1707 s
1666 1677 1692 1719 p
1710 1664 1723 1706 i
1739 1677 1760 1706 r
1776 1664 1808 1706 i-

237 1736 299 1772 tu
327 1731 654 1773 sfiliorum
687 1730 957 1773 hominis
992 1730 1041 1772 si
1076 1730 1378 1772 ascendat
1411 1730 1542 1785 ipse
1571 1742 1810 1772 sursum

235 1800 293 1838 et
325 1796 599 1852 spiritus
627 1796 874 1851 pecoris
907 1795 955 1837 si
988 1795 1331 1838 descendat
1363 1795 1495 1850 ipse
1527 1795 1810 1838 deorsum

234 1861 247 1902 i
264 1875 291 1903 n
326 1866 344 1903 t
361 1875 382 1903 e
398 1874 418 1902 r
434 1874 454 1902 r
469 1875 495 1904 a
511 1861 584 1903 m?
603 1862 789 1916 itemque
807 1861 850 1903 in
866 1860 1015 1903 diluuii
1029 1860 1233 1903 uastitate
1251 1860 1453 1915 scriptum
1471 1864 1552 1902 est:
1577 1873 1599 1902 e
1616 1865 1635 1902 t
1672 1873 1714 1901 m
1732 1874 1755 1902 o
1772 1873 1811 1901 r-

233 1931 340 1969 tua
386 1931 479 1968 est
535 1927 729 1969 omnis
785 1939 939 1978 caro,
996 1939 1146 1982 quae
1202 1925 1573 1968 mouebatur
1627 1938 1809 1980 super
1835 1937 1876 1969 85

232 1997 475 2043 terram,
515 1992 901 2043 uolatilium,
951 2003 1235 2047 pecorum
1283 1996 1340 2033 et
1391 1991 1807 2033 iumentorum

234 2062 291 2099 et
348 2056 639 2107 ferarum3
698 2062 755 2099 et
811 2056 1004 2098 omnis
1061 2069 1315 2111 serpens
1372 2056 1473 2111 qui
1529 2060 1811 2098 mouetur

235 2135 416 2177 super
462 2127 694 2165 terram
740 2126 797 2164 et
842 2121 1036 2164 omnis
1081 2121 1249 2164 homo
1297 2126 1354 2164 et
1398 2121 1599 2163 omnia
1644 2133 1811 2176 quae-

333 2267 352 2301 2
370 2266 470 2302 Vinc.
490 2267 610 2302 Victor
697 2269 737 2303 14
758 2267 844 2302 Gen.
865 2268 893 2309 1,
914 2267 966 2302 20.
987 2267 1029 2301 24
1115 2265 1154 2300 21
1174 2265 1285 2300 Eccle.
1302 2266 1333 2308 3,
1353 2266 1392 2300 21
1482 2265 1525 2300 24
1543 2265 1629 2301 Gen.
1646 2265 1677 2307 7,
1695 2264 1748 2300 21.
1767 2264 1810 2300 22

335 2364 351 2397 1
371 2361 546 2397 difinieris
556 2362 680 2397 Elim]
784 2361 1002 2398 discribseris
1012 2361 1046 2397 A
1130 2361 1149 2396 2
1167 2360 1378 2407 distringere
1389 2360 1473 2397 le
1573 2359 1770 2395 renitereris
1782 2358 1813 2393 Β

231 2421 394 2458 nitereris
403 2421 599 2458 AC'EIde
670 2421 728 2467 ex]
744 2421 781 2456 in
796 2420 826 2454 Β
897 2421 919 2456 5
934 2420 1178 2466 anime-(ae-e)
1187 2424 1223 2455 et
1233 2418 1331 2456 ABG
1345 2420 1506 2466 animeE
1575 2419 1599 2454 6
1611 2419 1703 2455 aliut
1717 2419 1769 2455 bis
1779 2420 1811 2454 A

233 2485 270 2516 et
286 2479 553 2528 om.EEuq.AV
630 2482 649 2517 7
668 2480 864 2526 sapientiae
875 2480 934 2517 HI
939 2481 970 2517 T
1045 2483 1082 2516 et
1098 2480 1201 2516 om.H
1216 2483 1271 2516 est
1285 2479 1372 2526 Euq.
1451 2479 1599 2515 sensuA
1673 2478 1695 2515 8
1710 2478 1812 2515 ideA

232 2541 326 2578 senti
337 2541 370 2575 A
434 2540 455 2575 9
471 2539 646 2587 intellegit
658 2541 691 2575 A
706 2541 737 2585 (t
753 2541 817 2586 lin.
837 2550 878 2576 ex
893 2541 923 2585 s)
988 2540 1029 2575 10
1046 2539 1199 2576 essentia
1211 2539 1243 2575 E
1307 2540 1346 2575 11
1365 2538 1480 2575 sintG
1534 2538 1577 2574 12
1592 2538 1716 2584 utique
1726 2537 1809 2574 em]

232 2610 292 2646 aq;
313 2600 349 2635 H
365 2600 401 2645 (a
416 2611 442 2636 s.
463 2611 487 2646 q
500 2600 572 2646 ml)
623 2601 666 2637 16
681 2600 739 2636 alt.
753 2599 954 2646 plenissime
968 2597 1000 2633 B
1053 2599 1146 2635 ueris
1157 2599 1190 2634 A
1241 2599 1281 2634 17
1298 2597 1410 2645 more]
1426 2601 1511 2634 iore
1522 2597 1541 2633 b
1588 2597 1631 2634 18
1646 2597 1812 2644 spiritum

232 2658 330 2694 illum
342 2660 374 2695 E
433 2659 477 2695 19
494 2659 713 2696 diffininitE
773 2659 812 2694 21
832 2658 1058 2695 ecclesiasten
1072 2656 1202 2695 BCTH
1217 2659 1256 2703 (n
1273 2659 1326 2694 al.
1339 2658 1417 2695 aad.
1429 2657 1520 2703 uid.)
1535 2656 1812 2694 eodoeiasoeslcb

231 2718 458 2764 ecclesiasten
469 2719 500 2764 (s
516 2730 541 2756 8.
558 2719 596 2765 n)
606 2718 626 2754 1
684 2719 746 2766 qui
758 2720 791 2754 D
847 2718 898 2754 cit
908 2718 942 2753 A
994 2717 1024 2753 si
1038 2717 1186 2763 spiritus
1201 2718 1280 2763 (om
1297 2719 1385 2764 post.
1403 2716 1585 2763 sfiEEuq.
1641 2716 1686 2753 22
1700 2715 1814 2751 homi·

232 2779 354 2814 numE
425 2778 470 2815 23
485 2789 650 2825 pecorum
664 2779 695 2814 T
770 2778 815 2815 24
830 2777 866 2814 in
886 2781 979 2814 terra
989 2775 1168 2814 ARCHIb
1177 2777 1264 2823 Euq.
1327 2776 1381 2812 ita
1396 2775 1570 2822 scriptum
1585 2778 1640 2812 est
1652 2773 1734 2812 1301
1739 2775 1814 2811 de

234 2837 277 2872 25
296 2828 321 2883 ξ
337 2838 452 2882 (iuxta
467 2838 555 2884 κὴρ.
573 2839 650 2874 ada.
669 2840 728 2883 ue)
741 2838 775 2872 H
867 2837 911 2873 26
927 2847 1092 2883 pocomm
1104 2837 1138 2872 A
1226 2838 1264 2872 et
1278 2835 1378 2872 omn
1463 2835 1507 2872 27
1522 2835 1734 2871 mouebatur
1745 2833 1815 2870 ΒΗ
