2028 3204
155 939 197 969 1⁰

154 1267 192 1297 15

150 1596 192 1625 20

148 1923 188 1953 2⁵

749 211 838 249 liber
869 213 919 250 IV
951 213 1002 256 19,
1034 215 1179 256 30—20,
1211 217 1255 252 33
1719 211 1799 252 411

224 334 336 390 quod
367 347 442 391 ego
473 334 565 378 dico
595 335 745 391 probet
774 336 885 392 apud
917 350 960 379 se
992 338 1179 393 quisque,
1221 352 1315 381 eum
1348 352 1518 395 corpora
1550 341 1805 395 imaginatur

224 399 462 443 absentium
489 428 541 434 —
575 401 724 457 probet
759 406 884 453 certe,
914 415 1010 446 cum
1035 402 1188 458 figuras
1221 410 1263 446 et
1291 419 1409 447 suam
1440 411 1484 448 et
1508 405 1610 449 alias
1635 421 1803 451 suorum

223 464 369 509 recolit
392 466 645 510 somniorum
666 494 730 522 —‚
747 481 773 510 a
792 471 834 511 te
860 471 1000 510 autem
1018 468 1140 511 huius
1165 471 1353 519 monstri,
1367 471 1437 513 ubi
1457 476 1498 514 et
1518 485 1660 515 uerum
1678 480 1742 515 est
1760 479 1803 516 et

223 531 369 575 uiuum
386 536 451 574 est
470 536 513 575 et
529 531 754 575 femineum
772 537 837 577 est
853 546 1001 589 corpus
1021 539 1063 577 et
1082 534 1283 577 femineus
1303 550 1382 578 non
1403 543 1467 579 est
1484 550 1620 589 sexus,
1640 538 1799 582 nullum

226 597 269 640 in
298 602 451 640 natura
478 611 616 641 rerum
645 598 880 654 proferatur
907 600 1173 655 exemplum?

327 664 392 707 33.
433 663 550 713 Quod
583 665 694 706 enim
724 665 776 707 de
806 665 1004 720 phoenice
1037 666 1228 721 loqueris,
1260 667 1311 708 ad
1345 680 1429 709 rem
1461 668 1512 710 de
1545 683 1628 724 qua
1659 670 1798 721 agitur

222 729 391 771 omniuo
408 743 490 771 non
508 729 704 785 pertinet.
723 731 1064 774 resurrectionem
1078 732 1232 787 quippe
1251 732 1321 777 illa
1338 733 1546 784 significat
1564 747 1798 790 corporum,

222 808 304 836 non
327 808 471 837 sexum
494 795 674 838 destruit
695 796 944 849 animarum,
969 797 1002 838 si
1025 802 1180 848 tamen,
1207 803 1253 840 ut
1276 798 1471 847 creditur,
1494 799 1545 842 de
1568 814 1643 842 sua
1666 807 1799 843 morte

223 861 462 903 renascitur.
517 861 586 903 sed
620 861 810 914 arbitror,
844 863 957 918 quod
988 868 1109 906 tuum
1141 876 1373 906 sermonem
1405 877 1552 919 parum
1585 867 1799 920 putaueris

224 925 310 967 fore
343 926 618 982 plausibilem,
655 927 689 969 si
722 941 805 970 non
838 927 973 971 multa
1005 928 1057 971 de
1090 929 1288 984 phoenice
1322 943 1434 973 more
1469 930 1798 974 adulescentium

221 991 489 1035 declamares.
524 993 726 1048 numquid
746 994 857 1036 enim
874 998 974 1036 sunt
991 994 1033 1036 in
1053 995 1138 1037 eius
1158 1008 1326 1050 corpore
1342 996 1540 1047 genitalia
1557 997 1798 1049 masculina,

222 1062 265 1100 et
291 1070 374 1099 non
403 1063 467 1100 est
494 1058 715 1110 masculus,
744 1058 810 1102 uel
837 1058 1050 1112 feminina,
1081 1066 1122 1102 et
1152 1075 1233 1103 non
1262 1065 1326 1103 est
1354 1061 1539 1104 femina?
1583 1068 1628 1104 tu
1657 1070 1797 1105 autem

220 1122 415 1174 adtende,
454 1123 553 1179 quid
598 1124 724 1176 dicas,
770 1125 871 1180 quid
915 1128 1143 1176 adstruere,
1190 1127 1288 1181 quid
1334 1128 1581 1182 persuadere
1627 1130 1797 1171 coneris.

223 1189 435 1231 ‘animam‘
463 1189 564 1231 dicis
595 1194 681 1245 ‘per
707 1196 860 1233 cuncta
877 1192 1062 1234 membra
1078 1191 1273 1234 diffusam
1299 1193 1476 1246 gelando
1506 1194 1675 1247 riguisse
1705 1199 1745 1236 et
1775 1209 1799 1237 a

222 1254 376 1297 uertice
403 1269 532 1310 usque
560 1256 611 1297 ad
642 1256 725 1298 ima
750 1257 942 1311 uestigia,
969 1271 993 1299 a
1019 1257 1208 1300 medullis
1235 1258 1393 1299 intimis
1422 1272 1550 1313 usque
1578 1259 1628 1301 ad
1658 1272 1798 1315 ¹super-

220 1319 356 1362 ficiem
378 1321 485 1362 cutis
508 1326 642 1363 totam
665 1322 795 1364 totius
817 1322 1023 1378 accepisse
1045 1323 1226 1378 corporis
1249 1323 1445 1374 formam3
1469 1339 1515 1366 ac
1538 1338 1610 1380 per
1632 1325 1708 1367 hoe
1731 1340 1798 1367 ac-

222 1386 332 1441 cepit
361 1386 402 1428 in
434 1385 614 1432 feminae
643 1400 812 1442 corpore
843 1388 1039 1443 quicquid
1071 1388 1230 1431 habent
1276 1389 1546 1431 femineorum
1594 1390 1796 1433 uiscerum

220 1450 399 1494 feminae
418 1457 460 1494 et
477 1465 622 1494 uerum
642 1458 705 1494 est
723 1453 801 1495 hoc
819 1467 966 1509 corpus
985 1458 1028 1496 et
1043 1455 1146 1497 haec
1163 1467 1261 1497 uera
1278 1461 1375 1497 sunt
1395 1455 1577 1497 membra
1597 1462 1639 1498 et
1657 1462 1796 1498 tamen

219 1530 301 1559 non
322 1521 386 1559 est
406 1516 588 1560 feminam
625 1532 710 1569 cur,
731 1518 898 1561 obsecro
918 1524 974 1570 te,
996 1519 1037 1562 in
1057 1533 1153 1563 uero
1174 1524 1217 1563 et
1236 1520 1331 1562 uiuo
1352 1534 1520 1576 corpore
1542 1521 1682 1564 onmia
1699 1527 1798 1564 sunt

220 1582 405 1625 membra
424 1582 614 1635 feminea,
636 1590 675 1626 et
697 1598 777 1626 uon
797 1589 862 1627 est
879 1585 1048 1637 femina,
1070 1586 1110 1627 in
1129 1599 1226 1627 uero
1247 1591 1289 1628 et
1307 1586 1404 1628 uiuo
1424 1600 1593 1641 corpore
1611 1587 1795 1630 membra

217 1651 317 1691 sunt
330 1648 470 1691 omnia
485 1649 727 1701 masculina,
745 1655 788 1692 et
802 1664 883 1693 non
900 1655 965 1694 est
980 1651 1217 1694 masculus?
1251 1652 1342 1707 quis
1358 1652 1439 1694 ista
1455 1652 1630 1702 eredere,
1647 1653 1794 1703 dicere,

217 1714 365 1756 docere
388 1715 659 1769 praesumat?
710 1730 763 1758 an
789 1716 888 1772 quia
911 1730 993 1758 non
1016 1722 1217 1771 generant
1242 1717 1435 1760 animae?
1478 1731 1570 1772 ergo
1596 1732 1668 1760 nee
1697 1718 1795 1760 muli

218 1783 261 1821 et
278 1779 414 1823 mulae
432 1785 530 1822 sunt
547 1781 718 1823 masculi
739 1786 781 1824 et
798 1781 989 1824 feminae.
1026 1797 1078 1825 an
1097 1783 1194 1838 quia
1212 1796 1285 1825 nee-
1304 1784 1576 1825 coneumbere
1595 1789 1794 1838 poterunt

218 1844 306 1887 sine
335 1846 493 1889 carneis
526 1847 766 1902 corporibus
797 1847 991 1895 animae?
1038 1849 1108 1890 sed
1139 1848 1216 1890 hoe
1247 1848 1433 1890 aufertur
1465 1854 1506 1891 et
1535 1849 1598 1890 his
1629 1850 1698 1903 qui
1730 1863 1796 1891 ea-

218 1915 408 1954 strantur
432 1916 476 1954 et
500 1916 656 1963 tamen,
674 1925 768 1955 cum
788 1913 844 1954 eis
861 1913 1073 1956 adimatur
1090 1918 1132 1956 et
1150 1918 1287 1956 motus
1306 1918 1348 1955 et
1364 1927 1482 1969 opuS‚
1500 1928 1580 1956 nou
1597 1914 1798 1956 adimitur

217 1988 338 2018 sexus
363 1975 499 2031 figura
523 1977 907 2033 quantulacumque
931 1978 1254 2022 masculinorum
1279 1984 1473 2021 manente
1498 1979 1793 2022 membrorum.

320 2092 360 2126 14
379 2091 475 2128 Vine.
496 2092 616 2127 Victor

321 2171 333 2204 1
356 2169 466 2215 quod]
483 2170 575 2205 enim
590 2170 620 2204 T
713 2171 835 2216 prebet
850 2170 880 2203 B
967 2172 986 2206 2
1004 2171 1128 2217 prebet
1142 2173 1172 2207 B
1255 2171 1406 2217 figuram
1429 2176 1465 2206 et
1482 2172 1608 2206 suasH
1678 2171 1745 2205 alia
1760 2173 1789 2206 A

217 2229 238 2263 3
256 2228 331 2275 ubi]
349 2233 387 2263 ut
401 2230 435 2264 H
482 2232 502 2266 4
515 2230 611 2264 uium
625 2230 652 2263 (J
698 2231 756 2265 all.
775 2237 827 2266 est
839 2231 938 2266 om.E
984 2241 1108 2276 eorpus
1124 2231 1207 2267 estb
1253 2231 1408 2267 feminea
1420 2231 1518 2267 ABG
1562 2232 1582 2263 5
1594 2230 1753 2277 exemplo
1766 2234 1796 2265 (Ῑ

215 2288 236 2322 6
248 2288 414 2335 phoenice
431 2288 461 2322 B
482 2290 613 2326 foenice
626 2290 691 2325 (ἸΙ
707 2290 817 2326 fenice
828 2290 895 2326 DE
1014 2302 1084 2337 qua
1100 2290 1142 2326 de
1159 2290 1279 2337 agitur
1289 2293 1322 2327 A
1434 2291 1475 2326 de
1494 2291 1590 2326 om.C
1688 2292 1706 2326 7
1724 2302 1792 2324 nou

215 2348 371 2393 pertinet
387 2349 530 2386 omuino
541 2351 573 2386 Ε
615 2350 866 2386 resurrectione
877 2349 976 2386 ABG
1021 2350 1076 2386 ille
1087 2351 1120 2386 E
1164 2352 1185 2387 8
1202 2350 1299 2387 ditur
1310 2353 1342 2387 A
1389 2352 1409 2385 9
1427 2354 1569 2396 putares
1585 2352 1624 2387 in
1640 2350 1790 2396 mame!

216 2408 260 2444 10
275 2407 365 2444 forte
381 2408 532 2445 BCEHI
548 2410 602 2454 (in
617 2421 681 2457 ηις.
699 2411 780 2455 7112),
801 2423 863 2447 om.
881 2411 910 2446 T
1015 2411 1044 2446 si
1056 2410 1085 2446 G
1099 2410 1126 2456 (i
1141 2423 1167 2446 3.
1185 2418 1218 2456 e)
1330 2411 1499 2456 phoenice
1509 2412 1541 2446 A
1558 2411 1726 2456 phoenice
1743 2409 1791 2444 BI

215 2467 374 2504 foeniche
386 2468 415 2504 C
429 2469 459 2514 (f
474 2479 517 2504 ex
531 2472 569 2515 p)
601 2469 715 2516 fenice
725 2470 759 2506 D
775 2470 909 2507 foenice
920 2470 989 2506 ΕΗ
1058 2481 1116 2506 ore
1127 2472 1159 2506 A
1223 2470 1498 2506 adolescentium
1511 2470 1568 2505 HI
1625 2472 1662 2504 11
1682 2469 1793 2515 enim]

214 2537 295 2574 ergo
307 2528 339 2563 E
429 2529 621 2575 masculine
637 2530 715 2574 (om.
733 2531 786 2577 et)
797 2532 829 2566 A
921 2531 963 2566 12
979 2530 1114 2573 femina
1126 2529 1157 2564 B
1171 2531 1228 2577 (ne
1245 2542 1270 2566 8.
1287 2533 1324 2575 ῃ)
1410 2530 1676 2565 feminina—est
1694 2529 1793 2564 om.E

214 2587 430 2624 et—femina
448 2589 487 2624 in
502 2590 633 2635 m9.m1
647 2589 694 2632 H,
705 2601 769 2626 om.
783 2590 802 2625 b
878 2592 920 2626 14
937 2590 1102 2637 riguisset
1116 2590 1194 2635 (om.
1213 2591 1266 2636 et)
1278 2591 1310 2625 A
1381 2590 1421 2624 15
1439 2588 1588 2635 uertigia
1601 2590 1633 2622 A
1707 2587 1791 2622 mel-

214 2645 319 2684 dunis
329 2647 351 2683 1
405 2648 635 2694 superfaciem
647 2649 680 2684 A
743 2651 784 2686 17
801 2649 954 2686 faemina
964 2650 998 2685 A
1013 2650 1163 2687 femineo
1174 2650 1248 2686 ΕΜ
1264 2649 1437 2685 feminaeo
1449 2650 1478 2684 C
1541 2645 1715 2695 quidquid
1726 2648 1792 2683 ΑΕ

215 2706 259 2742 19
274 2711 312 2744 et
327 2717 370 2743 cx
383 2711 427 2744 ut
437 2708 467 2745 0
588 2708 627 2746 in
641 2709 725 2744 uiuo
736 2709 769 2745 Ε
882 2709 1189 2756 omnia-corpore
1207 2709 1246 2745 in
1261 2720 1324 2755 my.
1335 2710 1364 2744 T
1478 2708 1522 2744 20
1535 2707 1572 2743 in
1591 2718 1672 2742 uero
1689 2707 1792 2742 om.T

213 2765 252 2802 in
266 2766 351 2803 uiuo
361 2768 394 2804 E
483 2768 523 2804 21
542 2768 661 2805 omnia
677 2780 741 2805 om.
749 2767 885 2805 BCITb
973 2770 1018 2806 23
1034 2769 1095 2816 qui
1107 2770 1139 2804 A
1228 2768 1431 2804 comcubere
1443 2768 1472 2802 C
1552 2770 1718 2812 poterant
1732 2764 1792 2801 BC

214 2824 257 2861 25
273 2829 312 2862 et
326 2836 417 2873 opus
431 2830 469 2864 et
484 2831 603 2864 motus
613 2827 655 2865 bd
744 2828 926 2865 adimatur
938 2827 1020 2865 BC'I
