2028 3204
0 0 17 93 ·*-v=x‚

69 964 107 992 10

70 1293 107 1321 15

70 1621 111 1651 20

6 1958 111 1997 {25

701 229 777 264 cap.
813 219 866 259 16,
898 218 1039 259 17-18,
1072 216 1116 253 20
1619 207 1705 248 245

132 360 218 390 esse
236 360 318 390 uon
336 360 418 393 eos,
438 345 508 401 qui
527 345 712 387 noudum
728 344 779 386 de
796 357 966 399 corpore
983 342 1187 388 exierunt.
1205 343 1275 385 sed
1295 356 1376 393 eos,
1397 342 1466 398 qui
1484 343 1713 385 secundum

133 426 299 455 carnem
319 411 483 457 uiuunt.
511 410 768 467 significatos
790 424 876 452 esse
898 409 1167 451 manifestum
1189 414 1264 450 est.
1305 422 1384 450 uon
1407 413 1551 451 autem
1573 408 1628 450 ibi
1651 416 1713 450 est

134 478 322 534 quaestio
352 492 458 532 quae
488 483 688 519 uersatur.
735 475 835 518 illud
864 482 927 517 est
957 475 1067 530 quod
1097 480 1272 530 expecto
1301 474 1354 517 ab
1384 473 1464 516 isto
1494 474 1650 522 audire,
1681 475 1713 516 si

135 544 301 600 possim,
320 557 388 586 eos
408 542 476 598 qui
495 542 723 585 secundum
741 541 935 597 spiritum
955 541 1104 583 uiuunt
1122 546 1163 582 et
1183 541 1235 582 ob
1254 541 1330 582 hoc
1349 540 1477 582 etiam
1494 540 1560 583 hie
1578 541 1715 583 adhuc

135 609 322 652 uiuentes
360 609 441 651 iam
472 609 653 664 quodam
687 608 810 650 modo
840 608 879 650 in
910 621 1031 650 carne
1062 620 1142 648 non
1173 613 1284 653 sunt,
1316 611 1459 649 utrum
1485 606 1618 663 gratia
1639 606 1715 648 'dei

135 675 281 720 uiuant
303 675 531 717 secuudum
553 674 746 730 spiritum
768 688 820 716 an
843 673 918 715 sibi
941 672 1155 715 sufficiant
1178 672 1261 714 iam
1282 673 1382 715 data
1405 686 1500 715 cum
1521 678 1716 715 creantur

137 741 411 797 possibilitate
438 747 609 783 naturae
636 746 677 782 et
702 754 776 782 sua
803 739 967 795 propria
996 739 1225 784 uoluntate.
1253 752 1348 781 cum
1375 738 1590 794 plenitudo
1617 738 1714 794 legis

136 821 214 850 non
240 806 292 850 sit
319 806 396 849 nisi
419 806 569 848 caritas
594 813 635 847 et
659 805 809 848 caritas
833 805 897 847 dei
921 804 1075 847 diffusa
1098 804 1149 846 sit
1176 804 1217 846 iu
1241 804 1432 847 cordibus
1458 804 1608 846 nostris
1635 818 1716 847 non

137 887 207 929 per
236 887 308 915 nos
338 873 462 928 ipsos,
494 872 563 914 sed
595 886 666 927 per
695 871 888 927 spiritum
917 877 1110 914 sanctum
1141 870 1211 925 qui
1240 871 1363 912 datus
1394 878 1453 912 est
1489 870 1619 913 nobis,

244 953 304 992 15).
327 950 494 992 Tractat
516 949 643 991 etiam
664 949 741 991 iste
760 949 810 991 de
832 948 1010 1004 peccatis
1032 948 1289 1003 ignorantiae
1309 954 1350 990 et
1369 947 1469 990 dicit
1494 949 1717 991 ‘homiuem

138 1015 405 1071 praeuigilare
424 1016 586 1060 debere.
601 1029 649 1057 ne
668 1015 842 1069 ignoret,
861 1015 1033 1070 ideoque
1049 1028 1135 1056 esse
1148 1014 1403 1069 culpandam
1421 1014 1715 1067 ignorantiam,

137 1082 232 1137 quia
256 1082 296 1124 id
320 1082 443 1124 homo
474 1081 604 1123 nescit
637 1081 893 1135 neglegentia
917 1095 1005 1126 sua,
1031 1080 1140 1134 quod
1164 1080 1355 1122 adhibita
1377 1080 1590 1133 diligentia
1614 1081 1716 1122 scire

135 1147 375 1190 debuisset‘.
403 1148 503 1189 dum
532 1154 670 1189 tamen
697 1146 835 1189 onmia
853 1147 990 1202 potius
1007 1146 1194 1201 disputet
1213 1159 1339 1201 quam
1356 1151 1402 1188 ut
1419 1153 1506 1187 oret
1525 1152 1564 1188 et
1583 1146 1715 1188 dicat:

137 1215 201 1256 da
238 1213 378 1256 mihi
429 1212 832 1255 intellectum
871 1219 929 1254 et
975 1212 1204 1254 discam
1249 1225 1379 1254 man
1402 1213 1554 1254 data
1597 1219 1658 1255 tu
1681 1227 1717 1255 a.

137 1279 248 1322 aliud
290 1286 351 1321 est
396 1279 505 1320 enim
544 1293 623 1320 non
680 1292 842 1321 curasse
900 1278 1015 1327 scire,
1063 1292 1170 1333 quae
1219 1278 1498 1334 neglegentiae
1549 1287 1717 1333 peccata

137 1345 265 1387 etiam
311 1359 382 1400 per
429 1344 635 1387 sacrificia
681 1345 887 1399 quaedam
934 1344 1031 1399 legis
1090 1343 1339 1386 uidebantur
1384 1344 1554 1399 expiari,
1605 1344 1718 1386 aliud

138 1411 372 1466 intellegere
395 1411 498 1452 uelle
521 1425 594 1452 nec
618 1424 734 1464 posse
766 1415 808 1452 et
840 1410 973 1452 facere
996 1416 1141 1452 contra
1166 1410 1296 1465 legem
1325 1424 1407 1452 non
1442 1410 1719 1465 intellegendo

139 1477 237 1531 quid
270 1476 356 1518 fieri
388 1476 499 1518 uelit.
533 1477 641 1518 unde
670 1490 957 1518 ammonemur
987 1481 1126 1531 petere
1150 1490 1174 1518 a
1199 1476 1276 1518 deo
1309 1475 1571 1531 sapientiam,
1621 1490 1647 1531 q
1665 1476 1720 1518 ui

138 1543 164 1583 d
183 1557 207 1584 a
226 1549 242 1584 t
295 1558 316 1583 o
337 1556 377 1584 m
395 1556 419 1584 n
442 1542 450 1583 i
471 1542 495 1583 Ι)
515 1557 539 1584 u
558 1556 576 1582 s
631 1556 656 1584 a
676 1542 717 1583 fl
737 1556 762 1584 ιι
781 1557 801 1583 e
821 1557 844 1584 n
865 1548 882 1583 t
901 1556 921 1583 e
938 1556 970 1591 r,
1022 1541 1166 1597 utique
1214 1541 1275 1584 his
1320 1542 1511 1584 omnibus
1555 1542 1625 1597 qui
1662 1542 1720 1584 sic

142 1614 290 1663 petunt
308 1614 350 1650 et
366 1614 534 1650 tantum
551 1614 701 1663 petunt
719 1608 928 1663 quomodo
945 1613 987 1649 et
1006 1614 1212 1662 quantum
1232 1622 1292 1649 res
1312 1614 1433 1650 tanta
1450 1608 1630 1663 petenda
1647 1615 1722 1650 est.

247 1686 407 1728 XVlll.
436 1687 499 1727 20.
535 1685 759 1727 ‘Diuiuitus
788 1692 927 1727 tamen
955 1686 1164 1740 expianda
1190 1699 1277 1727 esse.
1305 1692 1475 1740 peccata
1502 1686 1722 1728 commissa.

139 1758 180 1793 et
209 1765 282 1806 pro
321 1751 376 1793 eis
414 1752 630 1793 domiuum
669 1752 940 1794 exorandum‘
972 1752 1140 1801 fatetur,
1172 1757 1340 1806 propter
1370 1752 1535 1793 ueniam
1564 1751 1720 1794 scilicet

142 1818 469 1872 promerendam.
499 1818 595 1871 quia
621 1817 664 1859 id
689 1818 791 1871 quod
816 1818 969 1870 sactum
993 1822 1048 1859 est
1073 1817 1201 1871 jacere
1227 1817 1417 1870 infectum
1461 1818 1641 1859 multum
1668 1818 1722 1859 ab

140 1883 219 1926 isto
280 1883 452 1925 laudata
483 1884 657 1936 potentia
688 1883 756 1926 illa
786 1887 954 1925 maurae
984 1888 1018 1925 et
1047 1884 1236 1925 uoluntas
1267 1883 1442 1925 hominis
1472 1883 1601 1925 etiam
1632 1883 1722 1938 ipso

141 1949 299 1991 fatente
320 1962 403 1990 mm
423 1953 556 2002 potest.
598 1963 724 2004 quare
747 1950 823 1992 hac
846 1949 1093 1991 necessitate
1115 1955 1259 1999 restat,
1283 1955 1331 1991 ut
1354 1955 1442 1991 oret
1465 1949 1633 2004 ignosci.
1675 1956 1721 1991 ut

139 2018 283 2057 autem
312 2014 547 2064 adiuuetur,
575 2029 626 2057 ne
658 2020 812 2070 peccet,
845 2028 1053 2070 nusquam
1082 2015 1202 2065 dixit,
1234 2028 1318 2056 non
1348 2014 1414 2057 hie
1444 2014 1535 2071 legi,
1569 2015 1722 2057 mirum

139 2080 281 2122 dehac
295 2093 337 2121 re
352 2080 520 2121 omnino
533 2080 757 2130 silentium,
773 2094 869 2123 eum
884 2080 1015 2123 oratio
1029 2080 1238 2123 dominica
1253 2085 1477 2135 utrumque
1492 2081 1720 2136 petendum

141 2159 227 2187 esse
255 2152 529 2192 commoneat,
560 2152 601 2187 et
630 2152 677 2188 ut
704 2146 973 2188 dimittantur
1009 2146 1127 2188 nobis
1156 2146 1299 2188 debita
1325 2152 1467 2188 nostra
1495 2152 1536 2188 et
1564 2152 1612 2188 ut
1640 2160 1720 2189 non

236 2273 248 2305 1
268 2271 312 2306 cf.
333 2271 435 2306 Rom.
454 2271 487 2310 8,
507 2272 546 2306 12
655 2272 673 2306 7
690 2270 734 2306 cf.
754 2272 856 2307 Rom.
880 2272 933 2314 13,
961 2272 1003 2307 10
1109 2271 1130 2307 8
1147 2272 1189 2307 ef.
1213 2272 1314 2307 Rom.
1331 2273 1366 2313 ὃ,
1381 2273 1402 2307 5
1496 2272 1538 2308 10
1555 2272 1720 2318 Pelagius·

150 2332 190 2366 14
212 2330 266 2365 Ps.
292 2333 372 2372 118,
388 2332 432 2366 73
521 2331 561 2366 15
579 2331 622 2366 of.
639 2331 722 2367 Leu.
740 2333 771 2373 4,
792 2333 823 2367 2.
841 2333 872 2367 3.
966 2331 1007 2367 18
1025 2332 1095 2367 Iac.
1124 2334 1153 2373 1,
1172 2332 1193 2366 5
1285 2333 1324 2368 21
1346 2331 1509 2377 Pelagius
1606 2333 1649 2368 28
1673 2333 1717 2368 cf.

145 2390 274 2426 Matth.
301 2391 333 2432 6,
364 2392 417 2426 12.
450 2393 491 2427 13

235 2474 256 2508 2
269 2473 330 2509 ubi
344 2473 434 2510 Vm?
525 2476 546 2510 4
559 2474 621 2521 ob]
632 2475 679 2510 ab
693 2475 811 2510 LDml
897 2475 919 2510 5
935 2475 991 2510 dei
1003 2475 1120 2522 gratia.
1132 2475 1162 2510 V
1256 2475 1349 2521 grati
1361 2476 1444 2511 Lml
1542 2477 1564 2511 6
1580 2475 1712 2511 suffici-

149 2532 283 2568 entiam
297 2534 377 2578 (om.
397 2533 485 2576 iam)
497 2534 526 2568 V
603 2535 769 2576 datamE
822 2539 1029 2571 crearentur
1039 2536 1134 2571 Oros.
1194 2537 1213 2571 7
1228 2535 1280 2583 et]
1293 2536 1330 2571 in
1341 2536 1435 2572 oros.
1492 2536 1553 2572 9in
1578 2535 1678 2571 nobis
1695 2536 1723 2571 V

155 2595 199 2630 11
216 2593 430 2640 culpandam
442 2604 519 2630 esse
528 2594 559 2629 V
605 2595 649 2631 13
657 2595 778 2631 omnia
792 2595 879 2631 amb
922 2597 963 2632 14
976 2595 1027 2643 et]
1037 2599 1076 2631 ut
1087 2595 1246 2630 DRVm2
1252 2595 1357 2631 Bde
1401 2597 1441 2632 15
1450 2597 1545 2632 enim
1555 2599 1612 2631 est
1621 2597 1716 2631 Oros.

147 2653 192 2690 18
202 2663 225 2689 a
237 2652 304 2688 deo
314 2654 532 2699 ‘peterovbd
630 2654 715 2701 quid
730 2655 761 2690 B
865 2656 907 2692 19
923 2654 1117 2692 affluenter
1127 2654 1330 2692 DRVBCE
1418 2655 1422 2660 '
1434 2656 1477 2691 20
1490 2659 1526 2690 et
1542 2657 1719 2700 quantum

143 2713 338 2760 prestanda
352 2713 535 2759 (testanda
548 2714 686 2758 leE)
700 2718 739 2750 et
751 2715 881 2761 (om.E)
894 2715 1048 2762 petenda
1065 2719 1122 2752 est
1132 2715 1256 2751 Vm2E·
1335 2716 1377 2751 21
1394 2726 1469 2751 esse
1485 2714 1666 2761 expianda
1676 2714 1718 2749 bd

150 2772 198 2808 22
207 2772 431 2810 'exorandum
446 2777 518 2810 esse
529 2774 548 2810 b
636 2775 681 2811 23
691 2779 728 2811 et
743 2774 827 2822 quia
836 2775 870 2811 Ε
969 2777 1012 2812 24
1027 2775 1099 2812 ista
1113 2775 1145 2810 B
1229 2774 1289 2811 ina
1299 2775 1386 2811 om.b
1483 2779 1612 2810 natura
1623 2775 1719 2809 Oros.

149 2831 197 2869 26
208 2832 292 2879 1051:
302 2833 397 2870 Oros.
477 2835 521 2870 27
535 2835 601 2870 hac
613 2834 653 2880 (h
668 2834 777 2878 s.1.)L
849 2835 1037 2872 orationali
1123 2834 1166 2871 28
1178 2835 1280 2872 nobis
1293 2845 1358 2871 om.
1371 2834 1459 2870 le
1468 2833 1499 2868 B
1569 2838 1609 2869 ut
1622 2833 1727 2869 omss
