2028 3204
102 975 142 1003 10

793 255 869 291 cap.
904 246 960 283 36,
993 245 1128 280 65—66
1669 235 1749 277 229

172 375 357 421 satanae,
376 370 446 426 qui
463 384 558 413 eum
583 369 877 427 colaphizaret,
905 369 1031 414 semel
1055 375 1099 413 et
1123 371 1275 414 iterum
1298 376 1339 414 et
1359 371 1483 414 tertio
1508 371 1748 427 deprecanti

170 436 330 479 dictum
366 436 739 480 estzsufficit
781 435 904 479 tibi
936 436 1147 492 gratia
1189 450 1330 487 mea;
1376 450 1504 479 nam
1538 437 1745 479 uirtus

171 502 227 544 in
258 501 652 545 infirmitate
691 502 1053 558 perficitur.
1106 502 1265 559 aliquid
1297 515 1393 557 ergo
1428 508 1491 546 est
1525 503 1567 545 in
1600 502 1745 546 abdito

171 572 213 610 et
232 567 438 623 profundo
457 568 706 612 iudiciorum
723 567 802 618 dei,
838 572 885 611 ut
912 568 1040 611 etiam
1058 569 1264 612 iustorum
1289 582 1411 611 omne
1439 583 1483 611 os
1503 568 1747 612 obstruatur

172 634 211 676 in
247 633 369 676 laude
401 647 476 677 sua
508 639 549 676 et
586 647 670 678 non
695 634 909 690 aperiatur
948 633 1026 677 nisi
1072 633 1115 676 in
1159 634 1325 677 laudem
1368 635 1447 677 dei.
1486 635 1564 678 hoc
1606 640 1748 678 autem

170 699 326 755 aliquid
353 700 443 756 quis
469 700 600 756 possit
625 700 813 751 scrutari,
837 700 927 756 quis
947 700 1163 756 uestigare,
1199 701 1290 756 quis
1315 700 1466 743 nosse?
1487 706 1576 744 tam
1601 714 1619 743 s
1640 715 1663 744 u
1683 714 1709 743 n
1730 707 1747 742 t

171 765 636 809 inscrutabilia
670 766 910 809 iudicia
961 766 1093 809 eius
1127 771 1189 809 et
1242 766 1747 824 inuestigabiles

172 830 301 875 uiae
328 831 480 875 eius!
516 832 651 888 quis
687 832 842 875 enim
874 831 1178 889 cognouit
1213 846 1455 876 sensum
1482 832 1746 876 domini?

170 903 276 940 aut
310 897 446 953 quis
486 897 907 941 consiliarius
937 898 1040 941 illi
1073 898 1234 941 fuit?
1267 903 1372 942 aut
1408 899 1544 955 quis
1578 899 1748 955 prior

169 963 346 1006 dedit
407 962 524 1015 illi,
598 969 654 1007 et
709 964 1114 1007 retribuetur
1183 964 1267 1007 ei?
1329 965 1617 1020 quoniam
1682 979 1748 1007 ex

171 1029 306 1085 ipso
340 1035 397 1073 et
438 1043 543 1085 per
583 1030 780 1086 ipsum
813 1030 963 1074 etin
1006 1030 1141 1086 ipso
1182 1036 1326 1074 sunt
1375 1032 1589 1081 omnia,
1630 1031 1753 1087 ipsi

168 1095 375 1151 gloria
407 1096 742 1143 insaecula
783 1095 1191 1140 saeculorum.
1237 1110 1417 1140 amen.

260 1240 280 1274 2
307 1238 340 1273 11
365 1240 441 1274 Cor.
470 1240 523 1280 12,
544 1239 565 1274 9
644 1242 664 1274 4
684 1239 728 1274 cf.
756 1240 856 1275 Rom.
884 1241 916 1281 3,
944 1242 985 1276 19
1078 1243 1099 1275 6
1123 1242 1225 1276 Rom.
1251 1242 1302 1281 11,
1324 1242 1460 1276 33—36

263 1343 273 1375 l
298 1343 444 1376 satanae
459 1340 563 1375 om.K
667 1341 725 1376 all.
742 1341 795 1388 et]
807 1343 954 1387 atqueO
1057 1344 1077 1377 2
1095 1341 1163 1387 est]
1177 1342 1254 1378 add.
1272 1342 1342 1377 eis
1440 1345 1459 1379 4
1478 1343 1513 1378 in
1532 1343 1745 1389 profundoO

169 1399 378 1436 obstruatur
393 1400 456 1444 (a
444 1412 481 1435 m
497 1411 561 1435 raS.
582 1401 688 1445 m2)0
733 1402 755 1436 5
770 1401 850 1436 lade
862 1402 892 1437 Ο
936 1402 1117 1448 operiatur
1128 1401 1224 1438 SKn
1230 1404 1248 1438 1
1296 1402 1367 1449 dei]
1382 1403 1455 1438 eius
1468 1403 1486 1438 b
1533 1404 1554 1438 6
1570 1403 1743 1449 uestigare

171 1462 204 1502 (ι
213 1460 276 1503 lm.
289 1460 345 1495 m2
357 1460 473 1505 exi)0
486 1459 700 1506 inuestigare
712 1461 912 1497 LPGC'de
981 1472 1006 1497 8.
1020 1466 1097 1498 tam
1107 1463 1184 1498 add.
1189 1463 1246 1498 νηὶ)
1250 1474 1328 1516 qua
1342 1464 1372 1497 Κ
1451 1465 1469 1499 7
1482 1463 1746 1499 inuestiffauiles

167 1520 254 1554 Oml
303 1520 324 1554 9
339 1519 402 1566 illi]
420 1520 492 1555 eius
511 1519 529 1555 b
577 1522 613 1556 ll
635 1524 720 1556 sunt
735 1532 801 1557 om.
804 1521 898 1557 LSI’
943 1523 986 1558 12
1002 1521 1160 1568 Explicit
1172 1523 1218 1558 de
1230 1534 1297 1568 spu
1310 1526 1346 1558 et
1361 1523 1480 1558 littera
1494 1524 1562 1576 (leo
1575 1523 1706 1570 gratias
1717 1526 1743 1559 S

170 1579 200 1614 F
203 1579 326 1626 xplicit
343 1580 384 1615 de
400 1584 467 1626 spi]
483 1584 518 1615 et
540 1580 660 1616 littera
677 1581 721 1615 do
737 1582 869 1627 gratias
884 1593 988 1617 amen
1004 1582 1086 1626 (litt.
1104 1583 1185 1618 mai.
1192 1583 1248 1627 >P
1263 1582 1419 1629 Explicit
1431 1584 1476 1618 de
1488 1594 1554 1629 spu
1570 1588 1606 1619 et
1624 1584 1743 1619 littera

170 1639 316 1674 feliciter
325 1641 354 1676 O
368 1640 407 1675 In
418 1641 558 1676 nomine
569 1641 705 1676 domini
716 1642 854 1677 contuli
864 1645 903 1677 ut
914 1642 1025 1689 potui.
1044 1642 1203 1689 Explicit
1215 1643 1301 1679 liber
1311 1644 1355 1678 de
1365 1643 1491 1690 spiritu
1505 1648 1539 1679 et
1553 1643 1672 1680 littera
1684 1644 1745 1680 GT

171 1690 297 1744 Explic
310 1691 359 1734 lib
376 1699 417 1736 de
433 1711 499 1746 spu
515 1705 550 1736 et
568 1700 688 1737 littera
701 1702 734 1736 K
