2028 3204
228 432 499 470 conuertatur
526 432 652 482 atque
685 426 746 468 ita
772 426 837 468 dei
862 426 999 481 gratia
1025 438 1107 467 non
1133 425 1265 468 solum
1293 425 1489 467 ostendat
1514 424 1613 480 quid
1642 423 1794 467 facien-

227 494 328 535 dum
342 493 408 543 sit,
422 493 493 535 sed
509 492 681 535 adiuuet
698 491 838 541 etiam,
859 496 905 533 ut
921 492 1052 547 possit
1063 490 1151 532 fieri
1170 490 1281 546 quod
1295 490 1547 533 ostenderit‘.
1560 489 1640 532 tibi
1653 494 1794 532 autem

228 559 455 601 absurdum
489 558 623 600 uisum
667 562 729 599 est
771 557 857 599 sine
891 556 1079 612 exemplo
1112 570 1197 598 esse
1230 569 1327 606 rem,
1372 569 1477 611 quae
1511 555 1599 597 fieri
1640 560 1791 611 potest.

227 625 322 666 hinc
351 628 497 666 exorta
523 628 586 666 est
610 623 733 665 huius
761 622 852 665 libri
887 622 1075 678 quaestio
1102 636 1150 664 ac
1181 635 1253 678 per
1279 621 1356 663 hoc
1384 622 1436 663 ad
1463 635 1536 663 nos
1558 620 1795 677 pertinebat
1822 632 1839 660 5

228 691 444 732 ostendere
478 689 567 731 fieri
599 703 718 744 posse
751 688 908 743 aliquid
942 687 1133 743 quamuis
1166 687 1274 730 desit
1306 686 1554 742 exemplum.
1612 686 1708 728 hinc
1741 699 1791 728 ex

227 755 442 810 euangelio
477 760 518 797 et
551 769 601 797 ex
634 755 719 809 lege
751 754 956 809 quaedam
990 754 1203 808 posuimus
1235 753 1278 794 in
1295 753 1494 794 sermonis
1524 752 1646 794 huius
1679 765 1793 794 exor-

230 822 311 871 dio,
347 822 453 863 sicut
487 821 537 862 de
571 820 716 862 cameli
748 819 928 862 transitu
962 833 1034 875 per
1067 819 1255 861 foramen
1287 832 1384 860 acus
1417 823 1458 860 et
1491 818 1541 859 de
1574 817 1792 859 duodecim

228 887 395 929 milibus
438 886 643 938 legionum
687 885 938 936 angelorum.
983 884 1053 939 qui
1087 888 1326 940 potuerunt,
1373 883 1406 926 si
1439 882 1576 932 uellet,
1610 895 1792 938 pugnare

228 966 302 1007 pro
339 953 516 1003 Christo,
567 957 609 993 et
647 952 696 993 de
731 951 806 992 illis
839 950 1044 1005 gentibus,
1080 963 1183 1005 quas
1216 950 1317 991 deus
1349 949 1450 992 dicit
1483 949 1665 1004 potuisse
1698 961 1739 990 se
1772 962 1794 989 a
1827 959 1864 987 ιο

228 1018 331 1059 facie
364 1017 506 1073 populi
539 1017 600 1059 sui
633 1017 758 1058 semel
791 1016 1077 1063 exterminare,
1113 1029 1219 1070 quae
1252 1015 1389 1057 omnia
1421 1014 1535 1056 facta
1566 1027 1649 1056 non
1681 1021 1790 1056 suut.

227 1084 290 1125 his
329 1084 427 1126 addi
460 1088 636 1139 possunt
681 1082 806 1124 etiam
848 1081 919 1123 illa
960 1095 1065 1136 quae
1098 1082 1290 1135 leguntur
1332 1081 1370 1122 iu
1405 1080 1508 1122 libro
1543 1079 1791 1134 Sapientiae.

227 1163 353 1204 quam
395 1149 529 1191 multa
560 1152 699 1203 posset
733 1161 843 1190 noua
883 1151 1095 1189 tormenta
1127 1147 1227 1188 deus
1261 1159 1423 1188 exerere
1468 1146 1508 1187 in
1550 1144 1697 1199 impios
1739 1145 1792 1186 ad

230 1220 379 1256 nutum
414 1214 490 1256 sibi
524 1213 728 1255 seruiente
761 1218 963 1262 creatura,
1008 1225 1112 1267 quae
1145 1217 1286 1254 tamen
1319 1225 1402 1253 uon
1434 1211 1612 1259 exeruit;
1655 1215 1793 1265 potest

228 1286 269 1322 et
302 1281 353 1322 de
386 1284 527 1322 monte
561 1280 641 1324 illo.
678 1293 800 1334 quem
843 1278 946 1320 fides
980 1278 1020 1319 in
1059 1291 1171 1320 mare
1204 1277 1460 1326 transferret,
1511 1275 1622 1331 quod
1652 1283 1794 1317 tamen
1826 1286 1862 1314 ¹5

230 1360 437 1401 nusquam
458 1346 616 1388 factum
645 1345 710 1387 uel
727 1344 900 1397 legimus
927 1343 993 1385 uel
1018 1343 1267 1386 audiuimus,
1298 1342 1485 1397 quisquis
1511 1341 1620 1383 enim
1645 1341 1792 1383 horum

227 1411 385 1467 aliquid
417 1412 493 1453 deo
527 1410 680 1453 dixerit
713 1423 800 1452 esse
834 1409 1084 1464 inpossibile,
1121 1409 1236 1451 uides
1279 1422 1405 1463 quam
1437 1407 1613 1462 desipiat
1649 1420 1791 1462 quam-

227 1492 306 1533 que
339 1477 538 1519 aduersus
570 1476 698 1519 fidem
731 1475 959 1530 scripturae
992 1474 1078 1516 eius
1112 1473 1318 1530 loquatur.
1365 1473 1499 1516 multa
1541 1472 1621 1514 alia
1653 1472 1792 1514 huius-

225 1543 338 1585 modi
371 1547 545 1597 possunt
578 1554 787 1584 occurrere
821 1540 886 1583 uel
918 1540 1070 1595 legenti
1103 1539 1170 1582 uel
1191 1539 1405 1594 cogitanti,
1443 1552 1548 1593 quae
1580 1537 1792 1592 possibilia

226 1609 303 1650 deo
335 1621 483 1661 negare
517 1621 598 1650 non
631 1620 862 1663 possumus,
900 1605 1091 1662 quamuis
1123 1619 1265 1647 eorum
1298 1605 1405 1647 desit
1437 1603 1685 1659 exemplum.
1821 1614 1863 1643 20

234 227 312 268 222
750 235 797 270 ΙΙ.
830 235 883 270 De
915 234 1039 280 spiritu
1073 238 1111 271 et
1141 233 1259 270 littera

228 363 293 410 sit.
330 376 472 404 uerum
508 367 555 403 ut
590 362 744 403 bonum
777 360 842 409 sit,
887 360 928 403 id
973 365 1036 402 est
1069 360 1120 402 ad
1163 359 1352 402 facienda
1394 359 1595 402 mandata
1635 358 1794 401 domini

2006 546 2028 570 ι.-

2016 620 2028 643 l

2012 660 2028 768 i

338 1699 403 1741 63.
437 1697 518 1739 Sed
546 1696 642 1752 quia
674 1696 754 1738 dici
790 1701 929 1750 potest
957 1694 1028 1736 illa
1062 1708 1185 1749 opera
1216 1707 1300 1735 esse
1332 1693 1486 1743 diuina,
1518 1693 1624 1735 iuste
1648 1698 1789 1734 autem

228 1762 365 1805 uiuere
401 1762 455 1804 ad
494 1767 637 1803 nostra
663 1775 787 1816 opera
818 1761 1035 1816 pertinere,
1087 1759 1246 1814 suscepi
1286 1758 1500 1800 ostendere
1549 1757 1674 1799 etiam
1715 1756 1790 1798 hoc

227 1842 329 1883 opus
362 1841 447 1870 esse
478 1827 666 1870 diuinum
693 1832 735 1868 et
766 1826 844 1868 hoc
868 1828 930 1880 egi
959 1826 1065 1868 libro
1100 1824 1179 1867 isto
1205 1824 1419 1880 loquacius
1445 1824 1551 1865 forte
1575 1836 1701 1878 quam
1725 1828 1788 1864 sat

226 1899 300 1935 est.
344 1894 415 1935 sed
455 1898 600 1935 contra
654 1892 839 1934 inimicos
879 1892 1024 1946 gratiae
1057 1890 1122 1933 dei
1167 1890 1293 1932 etiam
1323 1902 1470 1945 parum
1511 1888 1611 1930 mihi
1638 1887 1787 1930 dixisse

226 1960 367 2002 uideor
398 1958 580 2014 nihilque
609 1972 674 2000 me
706 1964 794 2000 tam
821 1958 1003 2000 multum
1036 1956 1168 1999 dicere
1200 1955 1382 1998 delectat
1432 1967 1556 2010 quam
1593 1953 1666 1996 ubi
1691 1952 1790 1994 mihi
1820 1964 1860 1994 25

225 2031 266 2068 et
311 2024 515 2079 scriptura
563 2025 648 2067 eius
693 2022 918 2080 plurimum
967 2022 1222 2077 suffragatur
1261 2026 1303 2062 et
1354 2021 1393 2063 id
1436 2019 1585 2074 agitur,
1631 2023 1679 2061 ut
1721 2018 1789 2074 qui

316 2186 337 2219 8
355 2184 398 2218 cf.
418 2184 548 2219 Matth.
572 2186 623 2225 19,
642 2185 685 2218 24
803 2183 845 2217 ef.
866 2183 993 2218 Matth.
1013 2183 1067 2223 26,
1085 2182 1129 2217 53
1252 2183 1293 2216 11)
1311 2181 1353 2215 cf.
1374 2181 1479 2216 Deut.
1497 2181 1552 2221 31,
1566 2180 1597 2214 .’3.
1622 2179 1697 2214 Iud.
1719 2180 1749 2219 2,
1767 2180 1788 2212 3

230 2245 270 2280 13
289 2244 330 2278 cf.
352 2245 431 2289 Sap.
453 2243 506 2285 16,
524 2245 564 2278 24
643 2244 684 2278 15
703 2243 745 2277 cf.
764 2243 869 2277 Marc.
894 2244 945 2283 11,
964 2243 1006 2277 23
1084 2241 1125 2276 26
1149 2241 1191 2275 cf.
1219 2241 1254 2275 II
1277 2241 1353 2275 Cor.
1379 2240 1432 2281 10,
1456 2241 1495 2275 17

318 2359 331 2392 1
362 2367 483 2392 uerum
511 2355 617 2392 etiam
634 2356 675 2390 bd
700 2358 728 2390 et
756 2355 848 2390 codd.
874 2366 950 2400 paq.
974 2356 1028 2394 77,
1049 2354 1093 2389 20
1168 2358 1209 2389 ut
1228 2354 1358 2389 bonum
1372 2353 1468 2388 om.b
1554 2353 1574 2387 2
1592 2354 1786 2389 ostentatas·

229 2416 400 2452 extendat
407 2417 491 2452 Oml
582 2417 604 2451 3
620 2415 719 2450 iuuet
733 2415 782 2450 Pb
877 2414 953 2449 fieri
969 2414 1079 2460 possit
1090 2414 1150 2449 ebd
1248 2414 1270 2448 5
1286 2413 1331 2448 ad
1347 2424 1410 2448 nos
1421 2423 1484 2447 om.
1502 2412 1579 2447 PGb
1670 2413 1691 2447 6
1707 2411 1787 2446 hinc

227 2487 290 2511 om.
302 2477 329 2510 S
435 2477 454 2511 7
472 2475 611 2520 quaeda
629 2475 743 2520 inmy.
761 2475 790 2509 P
807 2473 951 2519 quidam
967 2474 997 2508 P
1123 2472 1364 2519 po*suimus0
1493 2474 1513 2507 8
1531 2470 1743 2507 camelimeli
1755 2471 1787 2505 Κ

227 2535 270 2570 de
302 2546 366 2570 om.
379 2536 406 2569 C
517 2535 538 2570 9
554 2534 768 2570 millibusGd
874 2536 915 2569 10
933 2532 1052 2579 potuis
1069 2533 1228 2567 se*sea.L
1346 2543 1381 2566 se
1399 2531 1538 2567 s.l.0m2
1638 2543 1658 2566 a
1675 2542 1738 2566 om.
1752 2531 1786 2565 K

229 2596 270 2630 13
290 2605 451 2629 emerere
463 2595 490 2629 L
510 2604 667 2629 exserere
683 2593 723 2629 in
738 2595 841 2639 mq.0
865 2603 1023 2627 exercere
1034 2592 1164 2628 Cm2bd
1242 2593 1283 2626 14
1300 2590 1474 2627 seruienee
1490 2590 1586 2626 sibib
1632 2588 1787 2625 exseruit

223 2655 345 2689 Oliml
369 2653 529 2689 exercuit
539 2656 554 2686 (
560 2655 591 2688 'd
610 2658 752 2690 exercet
763 2653 780 2686 b
846 2655 884 2688 15
897 2652 1086 2688 transferet
1095 2651 1180 2687 Oml
1203 2650 1400 2686 transfertb
1465 2649 1507 2686 16
1517 2660 1690 2695 nosquam
1700 2650 1782 2684 Lm!

229 2714 268 2748 17
287 2712 409 2748 uidens
420 2713 448 2747 C
524 2712 762 2758 disipiatOml
849 2713 888 2747 18
905 2712 1090 2747 aduersum
1101 2712 1130 2747 O
1203 2708 1404 2745 huiusmodi
1414 2720 1478 2744 om.
1490 2709 1509 2743 b
1585 2710 1628 2744 20
1644 2719 1786 2755 possum

224 2775 282 2815 (us
298 2784 328 2808 s.
346 2784 380 2807 m
400 2774 500 2818 eras.)
511 2773 545 2808 K
646 2773 690 2808 22
715 2772 761 2808 ad
778 2763 878 2806 nram
895 2781 1037 2816 operam
1045 2770 1167 2806 0m2K
1259 2769 1301 2804 23
1323 2768 1491 2814 loquutus
1503 2769 1585 2803 Lml
1606 2767 1786 2814 loquatius

223 2832 379 2867 SPGOK
458 2833 607 2868 fortasse
622 2833 654 2868 d.
670 2832 756 2867 om.b
832 2835 890 2866 sat
903 2834 995 2867 esset
1009 2830 1058 2865 Pb
1145 2830 1188 2864 26
1206 2840 1258 2873 pr.
1280 2827 1331 2874 et]
1347 2838 1390 2863 ex
1406 2828 1456 2862 Pb
