2028 3204
248 167 330 210 336
684 178 742 214 IV.
777 178 829 214 De
859 185 989 215 natura
1020 183 1055 215 et
1083 177 1215 225 origine
1242 179 1382 216 animae

346 458 522 501 LIBER
562 458 864 501 SECVNDVS.
898 458 974 501 AD
1007 459 1238 502 PETRVM
1269 459 1700 503 PRESBYTERVM.

241 560 421 602 Domino
463 559 732 602 dilectissimo
771 558 893 601 fratri
939 564 981 601 et
1022 559 1360 616 compresbytero
1399 561 1526 603 Petro
1558 560 1818 616 Augustinus

669 624 887 681 episcopus
925 624 968 668 in
999 624 1172 668 domino
1204 625 1396 669 salutem.

326 726 357 769 Ι.
391 728 427 769 1.
462 726 749 769 Peruenerunt
780 726 834 768 ad
865 740 931 769 me
965 727 1047 769 duo
1069 727 1162 769 libri
1178 727 1386 770 Vincentii
1409 727 1600 779 Victor1s,
1635 741 1738 782 quos
1762 727 1815 770 ad

240 797 359 835 tuam
392 792 661 835 sanctitatem
693 792 874 848 scripsit,
894 792 1090 835 mittente
1107 792 1208 835 mihi
1227 806 1294 836 eos
1314 792 1442 835 fratre
1462 797 1605 836 nostro
1638 792 1812 844 Renato,
1841 806 1858 834 5

241 857 408 900 homine
451 857 621 914 quidem
662 857 781 910 laico,
823 858 895 900 sed
939 871 1014 912 pro
1056 872 1131 901 sua
1170 858 1254 901 fide
1297 863 1339 901 et
1371 872 1513 901 eorum
1546 871 1649 914 quos
1681 858 1816 914 diligit

241 923 468 979 prudenter
508 923 778 979 religioseque
818 923 1007 966 sollicito.
1056 923 1205 979 quibus
1247 923 1364 967 lectis
1405 923 1491 966 uidi
1532 923 1742 966 hominem
1773 923 1816 967 in

243 1003 430 1032 sermone
464 989 634 1044 quidem
666 1003 750 1031 non
782 989 915 1031 solum
936 1003 1066 1045 usque
1098 990 1152 1032 ad
1172 988 1483 1040 sufficientiam,
1519 1003 1663 1032 uerum
1689 989 1815 1032 etiam

244 1067 374 1109 usque
415 1055 471 1097 ad
510 1054 835 1097 redundantiam
877 1054 1169 1109 profluentem,
1213 1056 1283 1097 sed
1327 1055 1371 1097 in
1402 1055 1537 1106 rebus,
1581 1055 1632 1098 de
1665 1054 1816 1110 quibus

240 1119 355 1175 loqui
388 1120 536 1170 uoluit,
570 1120 759 1163 nondum
791 1121 900 1164 sicut
931 1125 1098 1175 oportet
1118 1121 1393 1172 instructum;
1428 1120 1539 1176 quod
1572 1120 1606 1163 si
1631 1121 1667 1163 ei
1690 1120 1816 1163 fuerit

239 1185 409 1228 domino
458 1186 643 1228 donante
684 1185 912 1237 conlatum,
955 1186 1112 1241 poterit
1153 1199 1240 1228 esse
1280 1185 1395 1229 utilis
1438 1185 1636 1241 pluribus.
1687 1185 1814 1228 habet

246 1251 355 1293 enim
388 1265 470 1293 non
503 1251 722 1294 minimum
755 1251 982 1303 facultatis,
1016 1264 1099 1307 qua
1132 1251 1262 1306 possit
1290 1251 1495 1306 explicare
1520 1256 1647 1307 atque
1673 1265 1817 1294 ornare

241 1330 348 1372 quae
381 1316 521 1368 sentit,
556 1316 589 1359 si
620 1317 734 1372 prius
767 1317 837 1359 det
871 1330 1039 1373 operam
1063 1322 1178 1359 recta
1194 1317 1357 1360 sentire.
1391 1316 1512 1360 ualde
1540 1318 1693 1373 quippe
1719 1321 1815 1359 sunt

245 1382 371 1425 noxia
412 1396 544 1437 praua
587 1383 754 1433 diserta,
801 1383 900 1437 quia
940 1382 1180 1434 hominibus
1221 1383 1357 1426 minus
1402 1382 1574 1425 eruditis
1615 1396 1662 1425 eo
1706 1382 1817 1438 quod

249 1448 404 1493 diserta
439 1453 538 1490 sunt
571 1448 770 1490 uidentur
786 1454 828 1490 et
848 1462 959 1491 uera.
997 1449 1206 1504 quomodo
1224 1453 1366 1490 autem
1390 1448 1555 1491 eosdem
1579 1447 1703 1491 libros
1727 1448 1814 1504 ipse

247 1513 452 1568 acceperis
475 1513 631 1564 nescio;
666 1527 810 1556 uerum
834 1519 990 1564 tamen,
1025 1514 1059 1556 si
1092 1527 1235 1556 uerum
1258 1518 1321 1556 est
1353 1514 1464 1570 quod
1486 1513 1642 1564 audiui,
1669 1513 1815 1556 diceris

239 1579 296 1622 eis
329 1579 513 1621 recitatis
545 1580 607 1622 ita
647 1579 837 1621 exiluisse
880 1579 1054 1630 laetitia,
1098 1584 1145 1621 ut
1178 1583 1305 1634 caput
1337 1579 1498 1622 iuuenis
1538 1579 1647 1622 illius
1688 1592 1815 1622 senex

243 1648 286 1687 et
317 1644 413 1687 laici
445 1645 664 1700 presbyter
705 1644 913 1687 osculatus
955 1644 1146 1687 didicisse
1187 1650 1228 1687 te
1264 1644 1374 1699 quod
1407 1644 1626 1700 ignorabas
1658 1644 1813 1699 gratias

241 1710 382 1765 egeris,
416 1710 487 1752 ubi
532 1710 699 1765 quidem
742 1724 825 1752 non
856 1709 1031 1766 inprobo
1066 1710 1347 1752 humilitatem
1380 1715 1511 1760 tuam,
1553 1709 1680 1751 immo
1714 1723 1812 1752 uero

240 1775 369 1818 etiam
401 1775 538 1827 laudo,
575 1775 687 1831 quod
719 1775 931 1818 honorasti
970 1775 1183 1818 doctorem
1215 1779 1337 1818 tuum
1368 1788 1445 1818 nec
1476 1775 1699 1826 hominem,
1742 1774 1815 1818 sed

241 1841 373 1896 ipsam
409 1854 516 1897 quae
548 1841 626 1884 tibi
658 1854 732 1895 per
763 1840 879 1883 illum
911 1841 1026 1896 loqui
1057 1841 1231 1896 dignata
1262 1846 1325 1883 est
1345 1841 1580 1890 ueritatem,
1614 1840 1649 1883 si
1672 1844 1814 1883 tamen

243 1906 427 1962 potueris
460 1906 760 1958 demonstrare,
804 1906 904 1962 quid
946 1919 1018 1961 per
1049 1906 1165 1949 illum
1191 1906 1382 1949 ueritatis
1414 1906 1631 1962 acceperis.
1665 1905 1813 1948 uellem

241 1972 385 2028 itaque
417 1972 627 2027 rescriptis
660 1972 744 2014 tuis
777 1972 877 2027 quid
918 1976 961 2014 te
993 1972 1182 2015 docuerit
1213 1985 1279 2014 me
1311 1971 1493 2014 doceres.
1538 1971 1650 2014 absit
1689 1970 1812 2022 enim,

242 2042 290 2080 ut
331 2038 570 2081 erubescam
603 2051 629 2080 a
660 2037 903 2092 presbytero
936 2037 1103 2088 discere,
1148 2037 1183 2080 si
1223 2051 1248 2079 a
1277 2037 1384 2080 laico
1415 2042 1463 2080 tu
1494 2050 1579 2079 non
1610 2036 1810 2079 erubuisti

243 2103 524 2158 praedicanda
555 2107 597 2145 et
628 2103 837 2145 imitanda
868 2102 1120 2154 humilitate,
1163 2102 1197 2146 si
1222 2116 1322 2146 uera
1352 2102 1547 2145 didicisti.

327 2169 382 2211 II.
417 2169 452 2211 2.
490 2168 681 2218 Proinde,
714 2168 843 2211 frater
869 2167 1148 2219 dilectissime,
1195 2168 1294 2223 quid
1324 2167 1377 2210 ab
1411 2181 1458 2210 eo
1479 2166 1671 2210 didiceris
1694 2179 1813 2209 nosse

242 2234 377 2290 cupio,
415 2240 475 2285 ut,
495 2235 528 2275 si
558 2234 641 2276 iam
658 2234 699 2276 id
719 2234 914 2284 sciebam,
941 2234 1124 2289 gratuler
1148 2247 1223 2289 pro
1243 2238 1299 2284 te,
1332 2233 1364 2276 si
1399 2238 1540 2275 autem
1563 2232 1810 2282 nesciebam,

239 2300 399 2342 discam
428 2313 500 2355 per
533 2306 586 2342 te.
623 2300 738 2342 itane
772 2304 820 2342 tu
855 2299 1076 2354 ignorabas
1110 2300 1193 2341 duo
1213 2299 1419 2354 quaedam
1445 2312 1532 2341 esse
1561 2298 1744 2340 animam
1771 2302 1813 2339 et

335 2426 355 2460 2
365 2415 531 2471 compti-20
544 2424 702 2460 ABCEG
726 2415 891 2470 compbro
904 2424 937 2460 D
1004 2423 1188 2469 agustinus
1204 2425 1237 2459 A
1301 2424 1324 2459 3
1333 2414 1394 2468 e—ps
1405 2423 1449 2465 A,
1461 2422 1596 2458 omDE
1650 2422 1672 2457 5
1682 2421 1810 2457 sancti-

246 2487 360 2520 tatem
375 2488 476 2519 tuam
490 2484 512 2518 d
596 2485 614 2519 7
629 2483 821 2529 relioseque
837 2485 868 2519 A
945 2483 1094 2519 sollicite
1105 2484 1134 2518 C
1209 2482 1346 2527 dilectis
1360 2482 1389 2517 C
1463 2482 1485 2518 8
1500 2481 1547 2518 ad
1562 2480 1810 2517 sufficientiam

246 2554 357 2590 usque
372 2543 433 2580 BG
489 2544 531 2579 10
547 2543 581 2578 ei
594 2554 657 2579 om.
671 2544 704 2578 A
759 2542 853 2579 fierit
862 2542 945 2578 le
1002 2545 1045 2579 13
1059 2543 1196 2578 recteE
1253 2543 1295 2579 14
1310 2545 1347 2578 et
1363 2552 1474 2588 praua
1486 2542 1515 2577 G
1572 2541 1689 2576 mium
1699 2551 1764 2576 om.
1775 2540 1810 2576 A

248 2605 289 2639 15
304 2602 377 2638 sint
387 2603 406 2638 b
500 2604 542 2639 16
559 2606 614 2639 est
627 2614 691 2638 om.
700 2603 730 2638 G
833 2603 874 2638 17
890 2602 1069 2638 exsiluisse
1081 2601 1227 2644 A,Fa.c.
1322 2602 1364 2638 18
1381 2611 1451 2647 quo
1463 2601 1497 2636 A
1596 2603 1634 2636 et
1643 2598 1811 2646 grafium

248 2663 290 2698 19
306 2673 386 2698 uere
399 2662 428 2698 Ο
535 2663 578 2698 20
593 2662 791 2698 honorastis
803 2661 832 2697 Ο
957 2661 1117 2697 decorem
1131 2661 1162 2696 B
1171 2673 1203 2697 a.
1215 2671 1243 2696 0.
1253 2661 1283 2696 G
1397 2660 1622 2714 2lbdignatus
1633 2658 1810 2695 1²30me

245 2723 288 2757 24
315 2734 336 2758 a
352 2721 545 2768 presbitero
562 2722 763 2757 erubescam
779 2722 811 2756 E
902 2720 956 2767 tu]
971 2723 1013 2756 ut
1027 2721 1059 2756 A
1149 2721 1193 2756 25
1209 2731 1292 2756 uera
1313 2711 1397 2755 fxiE
1419 2719 1475 2766 (tn
1498 2719 1538 2754 in
1560 2718 1634 2763 tim
1654 2730 1690 2755 u.
1711 2717 1807 2763 aad.)

246 2782 290 2817 26
307 2780 457 2818 Prouide
468 2784 500 2817 A
592 2782 635 2818 27
653 2780 687 2816 id
705 2792 769 2817 om.
782 2781 816 2816 A
906 2779 1164 2816 netsciebamG
