2028 3204
647 253 695 290 11.
723 252 838 291 Index
859 253 1044 289 nominum
1071 257 1110 290 et
1133 263 1261 290 rerum.
1668 249 1747 292 605

202 373 237 410 11
265 375 342 416 227,
372 374 424 410 15.
453 374 530 415 293,
560 374 612 409 17.
649 384 729 419 opp.
755 372 912 409 imitatio

202 433 238 470 11
252 435 329 477 299,
343 435 375 470 9.
402 433 507 470 series
519 433 787 480 generationum
801 443 912 480 usque

198 495 244 530 ad
277 494 403 541 Ioseph
435 493 471 529 11
501 494 578 535 225,
610 494 668 535 19;
697 494 742 538 cl.
771 503 912 540 genero,

201 565 364 601 regenero
391 553 407 589 1
432 555 488 596 20,
515 555 567 590 17.

154 650 316 687 Genesis:
333 650 376 686 de
395 649 522 686 Genesi
538 649 783 686 testimonium
801 648 817 684 Ι
832 649 910 692 329,

201 712 254 746 29.

152 812 275 852 gentes
300 805 464 851 (Heiden)
490 805 526 840 11
554 805 629 847 151,
655 806 686 841 7.
725 808 847 852 gentes
872 821 905 833 =

201 870 402 912 peccatores
428 865 443 900 Ι
467 866 544 907 290,
571 866 628 906 15;
652 866 696 909 cl.
722 866 797 908 197,
823 866 853 900 1.
877 865 910 900 5.

202 926 346 967 198,10.
365 927 416 962 18.
433 927 486 962 21.
504 927 557 962 22.
574 926 626 961 26.
644 926 722 967 200,
736 925 768 961 5.
785 926 838 961 20.
856 926 908 960 24.

200 987 277 1026 205,
305 986 357 1021 15.

152 1081 338 1128 gentilium
364 1081 545 1127 sacrilegia
573 1081 587 1116 l
612 1082 690 1123 370,
717 1082 749 1116 4.

151 1195 251 1235 gest-a
269 1190 402 1234 passim
447 1189 462 1224 I
480 1190 557 1231 463,
579 1190 630 1225 19.
650 1190 727 1232 464,
749 1191 778 1224 1.
800 1188 836 1224 ΙΙ
853 1189 908 1230 51,

199 1251 229 1285 2.
252 1251 283 1285 4.
306 1250 361 1291 52,
383 1251 415 1285 3.
438 1250 492 1292 72,
517 1251 568 1286 17.
591 1250 646 1291 76,
668 1250 699 1285 9.
723 1250 778 1291 77,
799 1250 831 1284 4.
856 1250 908 1285 17.

199 1310 253 1351 79,
265 1310 285 1343 5
296 1311 353 1345 cel.
366 1313 466 1355 gesta
476 1309 715 1345 ecclesiastica
732 1309 747 1344 I
760 1309 838 1351 479,
855 1310 908 1344 27.

201 1369 398 1411 11153,11.
421 1374 521 1415 gesta
545 1368 748 1404 Palaestina
773 1369 808 1404 ΙΙ
833 1370 908 1411 172,

203 1430 255 1464 18.
280 1430 333 1465 20.
364 1430 440 1471 177,
460 1430 511 1465 18.
535 1434 635 1475 gesta
660 1429 743 1464 eccl.
762 1429 909 1465 Cartha·

198 1488 387 1535 giniensia,
422 1489 465 1524 de
510 1489 640 1535 quibus
686 1489 909 1535 Augustinus
943 1523 945 1542 ⁴

195 1548 382 1594 descripsit
408 1548 443 1583 ΙΙ
474 1550 549 1590 168,
576 1550 699 1585 6-21.
728 1553 907 1595 gestorum
943 1544 946 1595 l

198 1608 372 1644 iudicium
403 1608 438 1643 ΙΙ
465 1610 540 1650 173,
566 1610 598 1645 3.
943 1597 945 1618 ⁴

150 1709 315 1757 gloriatio
343 1710 531 1746 laudabilis
559 1721 649 1756 quae
678 1711 726 1746 sit
754 1715 790 1746 et
819 1722 910 1757 quae

197 1769 328 1806 uitiosa
362 1770 375 1805 I
411 1771 485 1812 169,
519 1771 572 1806 21.
606 1771 659 1806 27.
706 1782 767 1817 per
799 1771 908 1817 legem

197 1829 281 1864 fidei
307 1830 451 1865 exclusa
479 1829 493 1865 I
523 1831 597 1872 175,
628 1831 679 1866 10.

153 1937 324 1973 Graecus:
350 1937 365 1972 I
387 1938 443 1979 31,
465 1938 519 1973 21.
542 1939 598 1979 36,
621 1939 651 1973 7.
675 1939 753 1979 319,
779 1939 830 1973 17.
856 1939 909 1974 19.

197 1998 275 2038 320,
293 1999 322 2032 1.
340 1998 393 2032 16.
411 1998 488 2039 170,
502 1998 534 2032 8.
551 1999 604 2033 23.
623 1997 698 2039 198,
716 1998 768 2032 10.
788 1998 839 2033 18.
855 1998 909 2033 26.

197 2057 252 2091 30.
273 2058 350 2098 213,
373 2057 424 2092 15.
448 2056 483 2091 II
502 2057 557 2099 56.
578 2059 608 2092 4.
629 2057 684 2098 53,
704 2057 834 2099 5.129‚
855 2058 910 2093 25.

197 2127 321 2162 graeca
348 2116 469 2162 lingua
498 2116 513 2151 Ι
539 2117 617 2159 527,
647 2117 699 2152 18.
726 2117 805 2159 528,
832 2117 864 2153 5.

150 2223 282 2270 gratia:
312 2223 428 2270 ipsum
457 2223 589 2270 quippe
618 2224 754 2269 gratiae
782 2235 912 2260 nomen

197 2288 233 2318 et
251 2283 327 2319 eius
346 2283 500 2319 nominis
517 2283 720 2319 intellectus
738 2284 911 2327 aufertur,

197 2342 226 2378 si
256 2354 327 2378 non
357 2343 469 2389 gratis
498 2344 618 2385 datur,
649 2344 710 2379 sed
741 2354 819 2379 eam
850 2343 913 2390 qui

196 2402 325 2448 dignus
348 2406 404 2438 est
427 2403 558 2449 accipit
583 2402 620 2438 II
643 2404 700 2445 89,
728 2405 757 2439 1.
795 2403 912 2450 gratia

197 2461 341 2505 Christi,
369 2461 444 2498 sine
472 2473 544 2509 qua
572 2473 636 2498 neo
662 2462 819 2499 infantes
847 2474 911 2499 nec

197 2525 316 2557 aetate
345 2522 496 2567 grandes
524 2522 614 2558 salui
642 2522 721 2558 fieri
749 2527 912 2569 possunt,

197 2591 269 2617 non
309 2581 446 2618 meritis
486 2581 658 2624 redditur.
698 2582 760 2618 sed
800 2583 912 2629 gratis

197 2640 317 2684 datur,
336 2645 482 2688 propter
500 2641 597 2688 quod
615 2641 734 2688 gratia
752 2642 912 2678 nomina-

198 2704 258 2736 tur
287 2700 303 2736 1
329 2700 408 2744 235,
435 2702 490 2737 23.
530 2712 593 2748 per
618 2701 773 2748 gratiam
799 2702 911 2738 solam

196 2759 295 2806 quod
321 2760 379 2796 lex
405 2759 508 2797 iubet
535 2763 656 2808 potest
682 2760 822 2808 inpleri,
851 2772 912 2808 per

195 2818 311 2865 ipsam
327 2819 549 2856 iustificatur
565 2820 689 2867 gratis,
706 2820 744 2857 id
762 2824 818 2857 est
835 2821 912 2857 nul·

196 2877 240 2914 lis
266 2889 412 2916 suorum
440 2890 588 2927 operum
615 2880 913 2927 praecedentibus

1032 372 1169 408 meritis
1197 372 1212 407 1
1241 374 1317 415 168,
1347 374 1398 408 18.
1438 372 1556 418 gratia
1581 373 1669 408 data
1694 378 1748 408 est

1032 432 1168 478 pusillis
1195 436 1231 468 et
1258 432 1397 478 magnis
1427 432 1442 467 Ι
1470 433 1548 474 432,
1577 433 1631 469 23.
1671 432 1748 467 sine

1031 492 1149 538 gratia
1198 503 1260 528 nec
1309 492 1466 528 infantes
1516 503 1579 528 nec
1628 497 1748 528 aetate

1030 553 1181 598 grandes
1197 552 1287 588 salui
1303 552 1381 587 fieri
1397 556 1547 598 possunt
1566 552 1581 588 1
1598 552 1675 595 235,
1693 553 1746 588 23.

1031 612 1148 658 gratia
1172 623 1266 648 nouo
1291 616 1508 648 testamento
1534 623 1594 658 per
1618 612 1750 648 Christi

1033 672 1231 717 passionem
1264 676 1449 718 tamquam
1481 672 1650 708 scissione
1682 671 1750 707 ueli

1032 731 1222 767 reuelanda
1259 731 1274 767 1
1311 733 1386 774 181,
1422 733 1476 768 20.
1525 732 1643 778 gratia
1677 743 1748 767 non

1030 791 1144 827 solum
1165 792 1250 827 illud
1271 803 1381 827 unum
1401 791 1510 827 soluit
1529 793 1625 837 quod
1645 792 1749 837 origi-

1032 851 1159 887 naliter
1193 852 1360 894 trahitur,
1393 852 1455 886 sed
1487 851 1597 887 etiam
1631 855 1747 887 cetera

1030 922 1121 957 quae
1152 911 1190 946 in
1222 922 1439 957 unoquoque
1472 911 1614 947 homine
1647 917 1747 946 motu

1030 971 1192 1017 propriae
1207 971 1406 1006 uoluntatis
1419 972 1604 1006 adduntur
1620 971 1655 1006 ΙΙ
1668 973 1748 1013 301,

1029 1032 1061 1066 3.
1105 1030 1204 1066 liberi
1232 1042 1253 1066 a
1282 1036 1428 1077 peccato
1457 1042 1528 1066 non
1556 1031 1652 1066 fiunt
1681 1031 1748 1065 nisi

1029 1090 1146 1136 gratia
1181 1091 1371 1126 saluatoris
1408 1090 1422 1126 I
1458 1092 1536 1133 426,
1575 1094 1627 1127 11.
1676 1102 1747 1137 qua

1030 1161 1200 1185 uocamur
1220 1156 1256 1186 et
1275 1151 1516 1186 iustificamur
1538 1150 1572 1185 II
1596 1152 1671 1192 106,
1693 1152 1746 1187 20.

1030 1210 1147 1255 gratia
1197 1211 1254 1246 dei
1306 1211 1477 1256 promissa
1529 1216 1747 1246 testamento

1030 1281 1123 1305 nouo
1140 1281 1210 1316 quo
1227 1270 1379 1306 definita
1395 1271 1443 1306 sit
1461 1270 1475 1305 I
1493 1272 1570 1312 204,
1590 1273 1642 1306 14.
1672 1282 1748 1316 gra-

1030 1329 1082 1364 tia
1101 1330 1244 1373 Christi,
1265 1331 1329 1366 lioc
1349 1335 1402 1365 est
1422 1330 1629 1365 inhabitans
1647 1330 1749 1376 spiri-

1030 1394 1089 1424 tus
1108 1389 1184 1424 eius
1202 1390 1239 1424 in
1260 1390 1362 1425 uobis
1386 1390 1399 1424 Ι
1420 1392 1452 1432 9,
1476 1392 1528 1426 10.
1562 1401 1612 1436 gr.
1634 1390 1748 1425 salua-

1030 1449 1117 1484 toris
1134 1461 1280 1495 regnum
1297 1450 1423 1485 mortis
1438 1450 1592 1485 destruit
1611 1450 1626 1485 1
1645 1452 1698 1491 14,
1716 1451 1746 1485 2.

1029 1509 1105 1544 laus
1144 1514 1180 1545 et
1220 1510 1440 1556 praedicatio
1478 1510 1615 1556 gratiae
1655 1510 1749 1545 uitu—

1029 1569 1167 1614 peratio
1190 1574 1226 1605 et
1249 1570 1436 1605 damnatio
1458 1574 1513 1605 est
1535 1570 1746 1605 delict-orum
1808 1608 1814 1613 ,

1033 1629 1047 1664 Ι
1065 1630 1140 1671 161,
1159 1631 1210 1665 14.
1242 1641 1344 1664 nemo
1359 1630 1435 1665 sine
1451 1630 1507 1665 dei
1522 1630 1640 1675 gratia
1655 1636 1748 1665 recte

1029 1689 1123 1724 uiuit
1156 1689 1191 1724 ΙΙ
1222 1690 1277 1732 53,
1310 1691 1364 1725 24.
1409 1690 1525 1735 gratia
1555 1690 1611 1724 dei
1643 1690 1747 1725 homo

1030 1749 1226 1784 adiuuatur
1244 1753 1283 1784 ut
1303 1749 1390 1784 uelit
1409 1750 1523 1784 bonus
1541 1761 1615 1784 esse
1637 1749 1653 1784 1
1670 1751 1747 1787 453.

1029 1809 1061 1844 5.
1112 1809 1263 1844 adiuuat
1298 1809 1548 1844 infirmitatem
1587 1815 1745 1844 nostram

1034 1868 1048 1902 1
1070 1869 1148 1910 514,
1173 1870 1226 1904 25.
1263 1880 1334 1914 qua
1357 1869 1402 1904 fit
1424 1869 1460 1904 in
1484 1869 1597 1910 nobis,
1622 1875 1661 1904 ut
1685 1880 1748 1904 nos

1031 1927 1183 1963 delectet
1200 1932 1236 1963 et
1253 1928 1438 1974 cupiamus
1454 1929 1550 1974 quod
1568 1929 1747 1975 praecepit

1032 1987 1135 2022 nobis
1167 1987 1180 2022 I
1210 1989 1288 2029 483,
1321 1989 1372 2023 12.
1415 1988 1576 2023 studium
1607 1999 1748 2034 quoque

1032 2047 1164 2082 bonum
1192 2058 1262 2082 non
1289 2047 1415 2093 incipit
1441 2048 1517 2082 sine
1543 2048 1661 2094 gratia
1687 2049 1746 2084 sed

1031 2118 1052 2141 a
1087 2107 1152 2142 deo
1187 2106 1383 2153 inspiratur
1421 2107 1437 2143 Ι
1471 2108 1549 2150 484,
1587 2109 1640 2143 24.
1690 2109 1745 2144 dei

1031 2166 1148 2212 gratia
1176 2177 1247 2201 non
1275 2167 1389 2202 solum
1418 2167 1539 2203 omnia
1567 2167 1683 2203 sidera
1712 2174 1747 2203 et

1030 2237 1153 2261 omnes
1184 2226 1298 2262 caelos
1329 2238 1452 2262 uerum
1484 2227 1594 2263 etiam
1626 2239 1748 2263 omnes

1031 2286 1175 2332 angelos
1213 2286 1480 2333 supergreditur
1520 2287 1535 2321 I
1574 2288 1652 2329 472,
1692 2289 1746 2323 21.

1030 2346 1148 2391 gratia
1164 2346 1243 2381 fieri
1261 2350 1301 2382 ut
1319 2346 1388 2392 legi
1404 2347 1616 2382 oboediatur
1636 2347 1650 2382 l
1670 2349 1748 2389 486,

1033 2407 1086 2441 14.
1119 2405 1266 2441 auditus
1285 2406 1430 2442 diuinae
1451 2406 1652 2442 uocationis
1671 2406 1749 2453 ipsa

1031 2464 1089 2500 dei
1128 2465 1246 2511 gratia
1285 2470 1498 2512 procuratur
1539 2465 1555 2500 1
1594 2467 1674 2508 534,
1715 2468 1746 2502 9.

1033 2524 1145 2560 bonos
1178 2525 1311 2561 iaciens
1345 2536 1409 2561 nos
1446 2525 1462 2560 1
1494 2526 1574 2567 537,
1610 2527 1669 2567 21;
1703 2528 1748 2569 cs.

1035 2583 1050 2619 Ι
1071 2584 1150 2626 533,
1172 2585 1341 2626 24—540,
1366 2586 1418 2620 10.
1441 2585 1519 2627 485,
1543 2586 1596 2621 12.
1631 2586 1747 2631 gratia

1031 2654 1103 2679 non
1115 2648 1170 2680 est
1182 2648 1324 2687 natura,
1337 2655 1409 2680 non
1421 2648 1476 2680 est
1488 2644 1575 2690 legis
1586 2644 1748 2687 scientia,

1031 2714 1103 2739 non
1120 2708 1176 2739 est
1191 2703 1313 2740 littera
1329 2703 1505 2746 occidens,
1522 2704 1584 2739 sed
1601 2704 1749 2751 spiritus

1030 2763 1234 2806 uiuificans,
1261 2774 1332 2799 non
1357 2774 1429 2810 qua
1454 2763 1614 2799 homines
1639 2764 1749 2800 creati

1031 2833 1166 2865 sumus,
1182 2823 1243 2859 sed
1259 2834 1331 2869 qua
1346 2822 1384 2858 in
1399 2833 1530 2859 nouam
1547 2828 1746 2859 creaturam

1031 2882 1199 2929 adoptati
1230 2881 1266 2919 11
1296 2883 1352 2925 73,
1382 2883 1415 2919 3.
1447 2883 1502 2925 75,
1534 2884 1587 2920 21.
