2028 3204
258 192 337 234 604

261 315 337 350 Eua
359 326 402 349 ex
424 315 538 349 Adam
562 325 651 349 uxor
668 313 743 349 eius
761 314 776 349 Ι
796 315 872 355 106,
889 315 921 350 8.
939 314 1016 350 Eua

305 374 467 420 peccauit
490 374 506 408 I
534 374 610 415 265,
641 376 692 409 14.
728 374 843 409 Adam
878 378 915 408 et
938 374 1016 409 Eua

303 437 392 479 quot
422 433 515 467 filios
549 433 810 478 procreauerint
840 433 1015 479 scriptura

305 504 374 527 non
402 497 656 527 commemorat
680 492 693 527 I
717 494 794 534 266,
819 495 848 528 1.
873 493 951 528 Eua
971 504 1014 528 ex

304 556 401 587 costa
413 553 510 586 Adae
522 552 619 587 facta
637 552 651 587 I
669 553 747 594 340,
763 554 796 588 3.
817 552 942 595 11263,
961 553 1013 589 13.

303 612 417 646 Adam
439 612 469 646 ei
490 622 619 646 nomen
638 611 781 657 inponit
802 611 838 647 II
860 613 937 654 263,
960 613 1012 648 17.

303 673 356 706 21.
400 671 602 717 appellatur
630 671 709 706 uita
740 670 775 706 II
807 672 884 714 263,
903 673 956 707 17.

257 731 475 776 euangelista
492 730 507 765 I
523 732 600 772 427,
619 732 671 766 28.
692 731 727 765 II
743 732 821 773 162,
839 733 869 766 7.
888 731 964 773 225,
979 731 1010 767 8.

303 790 538 836 euangelistas
588 791 745 825 Marcum
795 795 832 826 et
881 791 1012 826 Lucam

302 850 503 895 baptizatos
514 861 587 885 esse
599 861 669 885 non
681 850 829 896 legimus
842 850 946 893 1369,
959 851 1011 886 26.

256 909 476 954 euangelium
496 910 578 951 135,
598 911 649 945 19.
662 911 717 952 38,
731 911 783 945 26.
796 911 852 952 39,
863 913 894 946 4.
907 911 963 952 57,
981 911 1011 946 7.

301 970 355 1010 92,
370 970 401 1004 3.
419 971 471 1004 24.
487 971 565 1011 341,
582 971 634 1005 18.
649 970 727 1011 495,
743 970 796 1005 26.
815 969 942 1012 11217,
959 970 1011 1005 15.

301 1029 376 1070 264,
400 1030 432 1064 5.
470 1040 602 1064 1101111111
628 1033 884 1064 testamentum
909 1033 1012 1076 quat-

299 1093 380 1122 tuor
398 1089 659 1134 euangeliorum
679 1089 896 1124 auctoritate
912 1100 1012 1136 prae-

300 1147 410 1193 fulget
434 1148 448 1182 I
474 1149 549 1191 126,
592 1150 644 1184 10.
678 1149 900 1195 euangelium
940 1160 1040 1184 non·

302 1207 474 1242 mentitur
505 1207 541 1242 II
571 1209 647 1250 224,
678 1209 731 1244 21.

259 1266 423 1312 Eulogius
442 1267 638 1313 episcopus,
657 1267 713 1303 cui
730 1267 869 1303 libellus
887 1272 1012 1303 contra

300 1326 479 1372 Pelagium
503 1327 610 1362 datus
632 1331 687 1363 est
710 1327 747 1362 II
769 1328 825 1370 60,
849 1328 902 1363 19.

258 1386 448 1431 Eutropius
495 1387 723 1433 coepiscopus
771 1398 850 1423 cum
900 1387 1010 1423 Paulo

297 1445 502 1492 coepiscopo
521 1447 567 1482 ab
587 1446 788 1492 Augustino
806 1450 948 1493 petunt,
969 1450 1011 1482 ut

296 1505 576 1541 Definitionibus
620 1517 710 1552 quae
754 1506 917 1542 caelestii
958 1506 1010 1542 di-

299 1568 429 1599 cuntur
450 1566 663 1611 respondeat
685 1566 721 1601 II
741 1567 775 1608 3,
796 1568 828 1602 3.

253 1624 426 1659 exaltatio
455 1625 629 1671 serpentis
660 1626 674 1660 Ι
704 1626 779 1668 115,
809 1627 840 1661 3.

250 1684 429 1718 exaltatus
469 1695 611 1730 serpens
650 1689 705 1720 est
743 1696 837 1720 mors
877 1684 1009 1720 Christi

296 1743 311 1778 1
333 1744 388 1785 62,
413 1746 445 1778 4.

250 1813 409 1844 examen,
435 1805 479 1847 cf.
506 1803 775 1839 ecclesiasticus.

249 1862 423 1897 exclusor:
446 1864 540 1898 unde
563 1867 599 1898 et
620 1863 817 1899 exclusores
838 1863 1008 1899 dicuntur

294 1921 440 1967 quidam
462 1922 621 1958 artifices
631 1923 823 1968 argentarii
835 1923 850 1958 1
863 1924 939 1965 169,
952 1924 1005 1959 23.

249 1981 587 2017 excommunicatio:
642 1986 751 2029 atque
802 1983 856 2018 ita
908 1983 1007 2018 uelut

294 2041 530 2086 phreneticus,
564 2046 606 2077 ut
638 2042 882 2088 requiesceret,
915 2046 1006 2077 tam-

293 2111 399 2146 quam
417 2101 544 2136 leniter
561 2101 659 2137 fotus
676 2113 698 2137 a
714 2102 868 2137 uinculis
885 2105 1006 2137 tamen

292 2161 670 2196 excommunicationis
686 2162 845 2196 nondum
863 2165 918 2197 est
935 2172 1005 2197 cre-

293 2219 391 2254 ditus
426 2231 500 2255 esse
536 2220 726 2256 soluendus
763 2220 799 2256 11
836 2223 913 2264 171,
950 2221 1003 2257 15.

247 2278 476 2314 exorcismus:
503 2279 589 2325 quid
611 2280 649 2315 in
673 2280 732 2315 illo
757 2280 833 2326 agit
855 2280 1006 2316 exorcis·

290 2349 369 2373 mus
388 2349 499 2381 meus,
520 2339 549 2374 si
567 2339 605 2374 in
625 2338 761 2375 familia
780 2339 913 2376 diaboli
932 2351 1004 2375 non

292 2402 433 2433 tenetur
459 2398 474 2433 I
500 2400 555 2441 63,
581 2400 634 2434 28.

245 2457 419 2493 exorcizo:
446 2458 667 2494 exorcizatur
689 2458 727 2493 in
751 2458 801 2494 eis
825 2462 863 2494 et
886 2458 1004 2495 exsuf-

289 2516 400 2552 flatur
417 2521 577 2563 potestas
596 2518 774 2554 contraria
794 2518 829 2553 II
849 2519 927 2561 203,
947 2519 1001 2554 12.

289 2577 365 2618 235,
396 2578 450 2613 20.
479 2578 560 2619 306,
589 2579 621 2614 3.
653 2578 732 2620 308,
763 2579 815 2613 11.

242 2635 480 2672 exsufflantur
515 2636 725 2683 baptizandi
758 2637 929 2672 infantuli
965 2636 1002 2672 ΙΙ

291 2696 369 2738 287,
397 2697 426 2731 1.

257 2818 374 2850 atum:
394 2825 458 2850 nec
486 2814 615 2858 fatum,
643 2814 728 2862 quia
745 2815 862 2851 nullae
881 2814 1002 2851 stellae

747 196 792 232 ΙΙ.
822 195 934 232 Index
959 196 1144 232 nominum
1168 200 1205 232 et
1227 206 1356 232 rerum.

1133 314 1205 350 ista
1221 314 1418 351 decernunt
1435 314 1451 351 1
1468 316 1547 359 475,
1563 317 1596 352 8.
1614 317 1710 363 quod
1727 317 1843 354 fatum

1134 374 1355 420 Augustinus
1403 374 1470 411 sub
1518 376 1660 412 nomine
1707 377 1846 424 gratiae

1134 438 1270 469 asserat
1295 433 1310 468 1
1335 435 1414 477 469,
1438 435 1584 478 6-479,
1608 436 1641 471 6.

1088 492 1216 535 fidelis,
1233 494 1329 540 quod
1346 505 1368 529 a
1385 494 1558 530 credendo
1574 495 1700 542 utique
1715 507 1844 532 nomen

1133 557 1188 588 est
1217 552 1232 588 I
1259 554 1315 596 37,
1341 554 1374 589 8.
1415 555 1608 590 secundum
1635 555 1745 591 fidem
1772 566 1845 602 qua

1133 612 1308 648 credimus
1330 613 1453 649 fideles
1476 625 1598 650 sumus
1619 615 1697 657 deo,
1721 626 1844 651 secun-

1133 672 1219 707 dum
1232 672 1329 708 illam
1344 684 1427 708 uero
1442 683 1514 719 qua
1526 673 1572 709 fit
1586 674 1682 720 quod
1696 675 1843 720 promit·

1132 731 1224 766 titur
1259 732 1367 768 etiam
1405 733 1491 768 deus
1527 733 1602 779 ipse
1637 733 1754 770 fidelis
1789 737 1845 770 est

1135 791 1150 826 Ι
1174 793 1250 834 211,
1273 793 1311 834 3;
1333 793 1377 836 cs.
1401 793 1478 834 248,
1502 794 1555 828 22.

1086 850 1192 886 fides:
1216 863 1300 886 uera
1321 851 1411 887 fides
1433 863 1523 898 quae
1545 852 1593 887 sit
1616 852 1631 887 I
1655 854 1731 895 214,
1755 854 1842 890 13-

1133 910 1209 952 215,
1239 911 1271 946 5.
1297 898 1341 946 e'x
1359 911 1431 946 fide
1460 916 1497 947 et
1526 923 1587 958 per
1615 912 1724 948 fidem
1754 913 1842 959 quid

1131 970 1302 1005 differant
1325 971 1340 1005 Ι
1362 971 1439 1013 205,
1462 973 1515 1008 13.
1548 971 1639 1007 fides
1658 972 1735 1018 ipsa
1756 983 1841 1007 num

1130 1029 1166 1064 in
1199 1034 1322 1065 nostra
1354 1031 1552 1066 constituta
1583 1031 1631 1067 sit
1663 1035 1843 1078 potestate

1134 1089 1145 1123 1
1182 1091 1258 1132 209,
1292 1091 1345 1125 21.
1379 1092 1456 1133 210,
1489 1092 1543 1126 27.
1587 1091 1678 1126 fides
1709 1091 1842 1137 duplici

1130 1160 1233 1184 sensu
1257 1149 1430 1185 definitur
1456 1150 1470 1184 1
1496 1152 1572 1191 211,
1598 1152 1629 1186 2.
1667 1151 1844 1186 catholica

1129 1208 1219 1244 fides
1238 1208 1350 1245 iustos
1370 1210 1416 1245 ab
1442 1209 1586 1245 iniustis
1605 1222 1675 1246 non
1695 1222 1840 1257 operum

1129 1269 1190 1303 sed
1212 1268 1298 1304 fidei
1319 1268 1394 1315 lege
1415 1269 1586 1305 discernit
1610 1270 1625 1304 Ι
1647 1271 1725 1311 502,
1748 1272 1779 1305 5.
1803 1270 1841 1305 in

1129 1327 1258 1374 quibus
1279 1339 1352 1364 non
1374 1332 1428 1364 est
1448 1329 1550 1371 fides,
1573 1329 1642 1364 filii
1661 1334 1744 1365 sunt
1765 1329 1842 1364 dia-

1129 1387 1200 1423 boli
1239 1388 1255 1423 Ι
1290 1389 1367 1430 489,
1406 1390 1458 1425 13.
1507 1388 1598 1424 fides
1634 1389 1843 1424 mediatoris

1129 1447 1246 1483 saluos
1297 1448 1411 1484 iustos
1465 1448 1618 1484 faciebat
1671 1449 1842 1495 antiquos

1131 1507 1167 1542 ΙΙ
1195 1508 1272 1549 277,
1299 1509 1331 1543 8.
1371 1507 1462 1544 fides
1489 1518 1576 1543 sana
1602 1512 1637 1543 et
1665 1508 1841 1544 catholica

1128 1566 1354 1602 ueracissima
1374 1571 1411 1603 et
1431 1567 1681 1603 fundatissima
1706 1567 1740 1602 II
1761 1569 1840 1608 286,

1129 1628 1167 1662 21
1180 1638 1188 1668 ;
1203 1628 1247 1670 cs.
1265 1626 1604 1670 1118,11.207,19.
1621 1629 1674 1663 28.
1691 1629 1767 1669 212,
1783 1628 1837 1663 26.

1132 1686 1167 1720 ΙΙ
1194 1687 1271 1728 187,
1296 1687 1317 1722 6
1342 1689 1400 1722 cet.

1083 1745 1193 1780 Fidus
1217 1745 1414 1792 episcopus,
1439 1746 1485 1781 ad
1511 1757 1616 1792 quem
1642 1746 1841 1792 Cyprianus

1127 1804 1309 1840 consultus
1330 1805 1518 1851 epistulam
1542 1805 1642 1841 dedit
1666 1806 1681 1840 1
1703 1807 1781 1847 546,
1803 1807 1836 1841 5.

1082 1864 1206 1899 Finees
1228 1864 1407 1910 (Phinees)
1427 1865 1464 1900 in
1486 1865 1705 1911 principibus
1726 1876 1838 1900 sacer-

1125 1925 1251 1959 dotum
1291 1924 1362 1959 fuit
1400 1925 1446 1960 ad
1486 1925 1667 1960 offerenda
1707 1924 1839 1960 ueteris

1126 1984 1333 2020 testamenti
1370 1984 1544 2020 sacrificia
1581 1984 1835 2030 pertinentium

1128 2043 1143 2078 I
1165 2044 1220 2085 91,
1242 2044 1295 2079 10.
1329 2047 1627 2079 commemoratur
1646 2044 1663 2079 Ι
1683 2044 1760 2086 263,
1782 2045 1836 2079 17.

1080 2102 1220 2138 Firmus
1252 2103 1504 2149 conpresbyter
1535 2114 1596 2149 per
1627 2114 1732 2150 quem
1764 2104 1835 2138 Au—

1123 2162 1287 2208 gustinus
1321 2162 1452 2198 Valerii
1485 2162 1633 2199 Comitis
1665 2162 1837 2209 epistulas

1123 2222 1262 2268 accepit
1286 2221 1323 2257 11
1347 2223 1425 2265 209,
1450 2223 1482 2258 8.

1078 2281 1214 2317 forense
1233 2281 1405 2317 iudicium
1427 2282 1522 2328 (opp.
1544 2280 1838 2326 ecclesiasticum)

1126 2340 1141 2375 I
1166 2342 1244 2384 502,
1270 2342 1324 2377 26.

1077 2400 1237 2436 fortuna:
1254 2411 1319 2436 nec
1334 2400 1490 2443 fortuna,
1507 2399 1592 2447 quia
1606 2411 1678 2436 non
1692 2399 1836 2436 fortuiti

1123 2471 1225 2495 casus
1246 2459 1319 2496 ista
1341 2463 1459 2506 agunt
1479 2459 1496 2495 1
1519 2460 1598 2503 475,
1622 2460 1655 2496 8.

1079 2578 1216 2614 Gallus:
1242 2578 1440 2625 coepiscopi
1462 2578 1577 2614 nostri
1601 2577 1695 2614 Galli
1719 2577 1834 2613 Heros

1121 2641 1159 2674 et
1178 2637 1333 2674 Lazarus
1354 2637 1392 2673 11
1411 2638 1468 2681 52,
1490 2638 1544 2674 16.
1566 2637 1622 2681 95,
1643 2638 1675 2673 7.

1075 2697 1273 2743 generatio:
1327 2697 1477 2733 carnalis
1529 2708 1609 2742 opp.
1661 2695 1835 2743 spiritalis

1122 2756 1139 2792 Ι
1161 2757 1215 2799 19,
1239 2757 1292 2793 15.
1317 2757 1394 2799 118,
1416 2757 1470 2793 12.
1494 2756 1573 2800 130,
1593 2757 1648 2793 20.
1669 2766 1750 2801 opp.
1779 2767 1832 2792 re·

1119 2815 1301 2862 generatio
1321 2815 1338 2851 I
1354 2816 1411 2860 63,
1430 2816 1485 2853 20.
1506 2817 1583 2859 141,
1602 2816 1656 2852 23.
1677 2815 1754 2858 143.
1773 2815 1831 2851 25.
