2028 3204
659 174 707 211 11.
734 174 847 212 Index
870 175 1054 211 nominum
1078 178 1116 211 et
1140 185 1269 210 rerum.

210 295 319 331 habet
339 295 466 331 mortis
491 294 505 330 1
529 296 604 337 122,
627 297 659 332 4.

161 354 332 391 diaconus
357 355 533 391 occiditur
560 354 595 390 11
624 356 699 397 121,
726 355 780 391 25.

161 414 236 450 dies
271 415 470 451 dominicus
504 419 559 451 est
593 415 668 450 dies
702 419 852 450 octauus
883 414 920 449 in

208 475 471 510 hebdomadum
491 475 688 510 recursibus
710 474 745 509 11
767 475 843 517 195,
865 475 917 510 15.

160 534 366 570 differentia
380 535 473 570 inter
489 535 560 570 duo
577 538 794 570 testamenta
810 545 917 580 quam

206 594 293 629 deus
323 598 478 630 testatur
510 594 525 629 Ι
559 596 634 636 186,
666 596 720 630 27.
752 595 831 636 202,
862 595 916 629 20.

205 654 411 690 differentia
442 660 667 701 peccatorum
703 654 719 689 1
751 655 829 696 240,
862 654 916 689 25.

161 713 381 757 Dinocrates,
407 719 527 750 utrum
553 715 629 749 sine
655 714 833 760 baptismo
859 713 917 749 de-

206 774 350 810 functus
380 774 428 809 sit
457 785 503 809 an
534 778 614 820 post
646 774 866 820 baptismum
897 784 918 808 a

205 833 344 869 Christo
367 834 542 870 alienatus
568 834 582 869 I
603 835 682 875 312,
706 835 760 870 20.
783 835 861 876 349,
884 834 916 869 9.

204 895 283 935 350,
315 896 369 930 24.
402 895 480 936 351,
515 896 566 930 13.
598 895 677 936 369,
709 894 741 930 5.
773 895 852 935 370,
886 895 916 929 1.

204 955 282 995 375,
314 955 365 989 12.
394 955 473 996 406,
503 955 556 990 22.
586 955 640 990 26.
669 955 748 995 407,
779 955 831 989 11.
863 954 915 988 19.

157 1012 302 1048 diuinae
328 1014 475 1060 paginae
500 1016 542 1060 cs.
571 1014 730 1061 paginae.

157 1073 345 1109 diuinitas:
392 1074 557 1119 quamuis
601 1073 696 1109 enim
742 1073 776 1108 in
825 1077 917 1108 terra

203 1133 319 1168 factus
335 1133 382 1168 sit
397 1134 493 1169 filius
513 1133 676 1175 hominis,
688 1133 916 1168 diuinitatem

203 1198 323 1228 tamen
350 1204 463 1236 suam,
490 1205 561 1240 qua
579 1194 616 1228 in
642 1193 738 1229 caelo
770 1204 917 1228 manens

202 1253 385 1288 descendit
407 1253 443 1288 in
469 1258 611 1296 terram,
636 1265 708 1289 non
730 1253 915 1299 indignam

201 1313 339 1348 censuit
357 1314 498 1349 nomine
515 1314 582 1348 filii
594 1313 842 1355 hominis160,
861 1314 914 1348 22.

202 1384 263 1418 per
289 1373 498 1409 distantiam
526 1373 730 1409 diuinitatis
755 1377 792 1408 et
816 1372 915 1408 infir·

202 1433 340 1468 mitatis
361 1433 457 1468 lilius
478 1434 534 1469 dei
556 1434 726 1468 manebat
747 1433 784 1468 in
807 1433 914 1474 caelo,
951 1427 953 1438 '

200 1493 297 1528 iilius
328 1493 481 1528 hominis
511 1493 721 1529 ambulabat
751 1493 788 1528 in
821 1497 914 1528 terra

203 1552 289 1594 161,
312 1555 344 1588 4.
371 1555 422 1589 13.
442 1553 562 1589 unitas
585 1564 754 1600 personae
774 1552 789 1588 I
806 1554 862 1595 61,
879 1554 911 1588 6.

198 1612 235 1647 in
253 1613 352 1648 cuius
369 1624 440 1648 non
458 1618 600 1648 tantum
617 1613 824 1654 diuinitate,
851 1613 911 1648 sed

201 1683 262 1707 nec
292 1673 329 1708 in
359 1673 479 1708 anima
508 1685 570 1708 nec
599 1673 638 1708 in
667 1684 771 1708 carne
800 1673 910 1708 ullum

200 1732 321 1779 potuit
344 1745 418 1768 esse
436 1738 621 1779 peccatum
641 1733 656 1768 1
673 1734 728 1775 88,
747 1734 800 1768 24.
819 1732 912 1768 anti-

197 1792 279 1838 quis
298 1793 401 1828 iustis
421 1804 492 1829 non
512 1793 625 1828 solum
645 1793 829 1835 diuinitas,
851 1793 910 1827 sed

198 1852 307 1887 etiam
335 1853 494 1888 nondum
523 1853 679 1888 reuelata
706 1852 912 1888 humanitas

199 1912 335 1958 proluit
365 1913 401 1948 II
432 1914 508 1954 191,
539 1914 592 1948 23.
636 1912 711 1948 eius
739 1912 912 1947 diuinitas

198 1983 302 2007 omne
338 1976 480 2018 tempus
514 1972 656 2008 excedit
692 1971 729 2007 ΙΙ
766 1972 842 2013 192,
880 1973 910 2007 1.

199 2032 289 2066 hanc
323 2032 398 2067 eius
432 2032 616 2078 aequalem
651 2031 747 2078 patri
780 2031 912 2066 diuini-

199 2096 311 2127 tatem
365 2092 545 2127 Abraham
600 2091 720 2127 uidere
774 2090 913 2137 cupiuit

200 2151 236 2186 11
264 2153 338 2194 192,
365 2152 417 2187 15.
454 2155 619 2198 parentes
642 2151 748 2187 ambo
772 2150 913 2186 humili-

198 2211 286 2246 tatis
303 2211 390 2254 eius,
410 2223 481 2246 non
501 2211 744 2253 sublimitatis,
763 2210 913 2246 infirmi·

198 2270 298 2313 tatis,
322 2282 394 2307 non
418 2271 620 2307 diuinitatis
647 2271 683 2306 11
709 2272 786 2313 224,
813 2271 867 2306 20.

150 2330 316 2366 doctrina
332 2331 453 2367 littera
469 2336 524 2367 est
541 2331 715 2372 occidens,
733 2330 802 2365 nisi
818 2329 913 2365 adsit

197 2390 387 2427 uiuificans
401 2391 548 2438 spiritus
565 2390 581 2426 I
599 2391 674 2433 157,
692 2391 745 2426 25.
764 2391 841 2432 160,
859 2391 911 2426 12.

202 2451 278 2493 173,
304 2451 335 2486 7.
363 2451 440 2494 185,
466 2452 520 2487 27.

151 2509 284 2555 dogma
300 2511 446 2555 passim,
465 2510 558 2546 uelut
577 2510 614 2545 II
631 2511 688 2552 69,
708 2510 762 2545 10.
782 2510 837 2551 70,
857 2510 911 2545 24.

199 2571 254 2612 71,
275 2570 308 2606 8.
332 2572 408 2613 114,
425 2571 457 2606 5.
476 2571 550 2611 122,
567 2572 601 2606 4.
620 2570 696 2611 128,
713 2571 768 2606 30.
783 2569 914 2615 dogma

198 2629 426 2676 Pelagianum
444 2629 500 2666 uel
516 2629 776 2665 Caelestinum
795 2628 812 2664 1
833 2629 912 2671 463,

163 2700 168 2703 ·
198 2690 252 2726 22.
269 2689 399 2736 dogma
416 2689 551 2736 Pelagii
563 2693 600 2725 et
612 2688 777 2725 Caelestii
790 2689 834 2724 de
850 2699 912 2735 pa-

197 2748 307 2785 ruulis
342 2749 418 2786 sine
454 2749 560 2786 ullius
596 2749 680 2785 uitii
714 2760 758 2785 ex
794 2748 910 2784 Adam

195 2808 408 2856 contagione
431 2808 662 2846 nascentibus
688 2808 725 2844 II
751 2807 828 2851 175,
854 2808 908 2844 28.

1678 170 1759 212 603

995 294 1192 340 dogmatici
1219 293 1232 329 I
1257 295 1335 336 388,
1363 295 1415 330 12.

995 354 1122 389 domus
1165 365 1306 400 magna,
1350 364 1442 400 quae
1484 358 1537 389 est
1581 353 1757 389 catholica

1040 414 1186 450 ecclesia
1209 413 1223 449 l
1247 414 1326 455 335,
1352 416 1384 449 4.

994 474 1206 509 donationes
1228 474 1426 509 sanitatum
1451 473 1486 509 11
1509 474 1564 515 92,
1586 474 1618 509 8.

994 533 1223 569 Donatistae:
1241 533 1357 569 caruit
1372 533 1466 569 enim
1483 532 1754 568 Donatistarum

1039 594 1094 629 uel
1127 593 1247 640 potius
1280 593 1549 639 Rogatistarum
1581 592 1756 628 diuisione

1039 658 1074 689 et
1104 665 1218 688 errore
1238 653 1251 688 1
1272 655 1350 695 304,
1381 653 1434 689 25.
1458 654 1536 696 349,
1560 654 1590 688 2.
1614 654 1692 694 360,
1722 654 1754 688 3.

1038 715 1116 755 361,
1140 716 1168 749 1.
1202 713 1424 760 Augustinus
1442 713 1653 748 diuturnum
1674 724 1753 747 cum

1039 773 1240 809 Donatistis
1264 773 1471 808 conflictum
1496 773 1533 807 in
1559 772 1755 808 Collatione

1039 833 1165 869 habuit
1192 833 1227 869 II
1251 834 1307 875 80,
1336 834 1386 868 18.
1417 835 1493 875 100,
1521 834 1572 868 19.

993 953 1139 988 ecclesia
1155 952 1286 987 Christi
1306 952 1320 987 I
1337 952 1416 993 356,
1434 954 1488 987 30.
1501 956 1580 987 toto
1591 952 1675 987 orbe
1686 952 1753 986 (lif-

1039 1013 1117 1048 fusa
1146 1012 1181 1048 ΙΙ
1207 1014 1284 1054 286,
1311 1014 1364 1048 25.

992 1073 1300 1114 ecclesiasticus-a,
1326 1084 1402 1107 um:
1437 1071 1556 1117 regula
1583 1071 1597 1107 Ι
1619 1073 1672 1112 27,
1701 1074 1748 1107 12.

1037 1134 1116 1175 313,
1153 1135 1183 1168 2.
1219 1132 1392 1167 iudicium
1435 1132 1450 1166 1
1491 1133 1569 1174 502,
1612 1133 1666 1167 25.
1693 1143 1751 1166 ex-

1037 1204 1140 1227 amen
1171 1193 1201 1227 11
1228 1193 1284 1234 55,
1310 1193 1364 1228 20.
1391 1192 1580 1227 damnatio
1606 1191 1642 1227 II
1676 1194 1752 1233 111,

1041 1253 1073 1288 5.
1105 1264 1190 1288 usus
1220 1252 1388 1298 loquendi
1421 1251 1455 1287 ΙΙ
1477 1254 1556 1294 313,
1578 1254 1610 1287 4.
1647 1263 1751 1286 curae

1041 1312 1075 1346 II
1099 1313 1175 1354 252,
1200 1314 1252 1348 12.

993 1372 1119 1407 Edem:
1144 1378 1268 1408 contra
1291 1372 1400 1407 Edem
1425 1371 1618 1413 habitauit,
1639 1371 1675 1406 id
1698 1376 1752 1406 est

1035 1436 1159 1467 contra
1191 1432 1309 1467 sedem
1333 1431 1540 1467 deliciarum
1562 1431 1576 1466 I
1596 1433 1672 1472 124,
1696 1433 1749 1467 23.

991 1492 1173 1527 Elisabeth
1198 1504 1277 1527 cum
1303 1491 1473 1527 Zacharia
1497 1502 1750 1526 commemora-

1034 1556 1092 1587 tur
1111 1552 1198 1595 190,
1217 1554 1270 1588 21.
1289 1553 1344 1594 91,
1365 1553 1550 1593 16.92,18.
1576 1551 1686 1592 1138,
1711 1552 1749 1586 17

1032 1615 1068 1646 et
1089 1612 1183 1647 inter
1205 1612 1366 1652 feminas,
1389 1623 1480 1657 quae
1503 1611 1595 1646 iuste
1618 1611 1750 1646 uixisse

1033 1671 1233 1707 referuntur
1260 1672 1275 1707 I
1302 1673 1378 1713 263,
1406 1673 1459 1707 22.

988 1732 1084 1766 Enoc
1114 1743 1175 1778 per
1204 1732 1345 1777 longam
1376 1736 1533 1766 aetatem
1565 1736 1748 1766 senectute

1031 1802 1102 1826 non
1120 1792 1311 1827 marcuisse
1331 1791 1345 1826 I
1363 1792 1396 1833 5,
1415 1792 1446 1826 9.
1465 1802 1536 1825 non
1553 1791 1659 1825 modo
1678 1802 1747 1824 non

1031 1862 1205 1897 peccasse,
1227 1862 1350 1887 uerum
1372 1851 1481 1886 etiam
1503 1851 1596 1885 iuste
1618 1850 1748 1885 uixisse

1031 1915 1250 1947 memoratur
1274 1911 1289 1946 I
1315 1912 1392 1953 263,
1420 1912 1472 1946 16.

985 1970 1154 2016 episcopi,
1179 1970 1305 2006 Graeci
1329 1970 1489 2005 homines
1513 1974 1549 2005 et
1573 1980 1613 2004 ea
1638 1969 1748 2004 uerba

1031 2041 1093 2076 per
1114 2030 1344 2077 interpretem
1366 2029 1554 2065 audientes
1578 2028 1613 2064 11
1635 2030 1691 2070 53,
1714 2031 1745 2064 4.

1031 2089 1186 2136 episcopi
1209 2090 1344 2125 iudices
1372 2089 1407 2124 II
1434 2090 1510 2131 175,
1535 2091 1567 2124 4.

985 2150 1197 2196 epistolaris,
1232 2162 1266 2186 e:
1303 2150 1399 2196 quod
1434 2148 1616 2195 epistolari
1651 2160 1746 2183 more

1030 2209 1140 2245 etiam
1177 2221 1247 2245 non
1285 2209 1495 2246 Christianis
1531 2208 1744 2255 quibusdam

1031 2270 1182 2305 scribere
1207 2270 1359 2305 solemus
1387 2268 1424 2304 II
1451 2270 1526 2311 104,
1555 2269 1607 2304 16.

986 2330 1139 2376 epistula
1154 2330 1200 2365 ad
1219 2329 1376 2365 Hebreos
1391 2329 1428 2364 in
1445 2328 1624 2364 canonicis
1640 2328 1745 2363 habe-

1032 2394 1092 2425 tur
1118 2389 1133 2424 1
1158 2391 1214 2432 47,
1240 2391 1293 2426 20.

988 2449 1111 2485 Esaias
1133 2449 1179 2485 ab
1202 2449 1390 2485 Ambrosio
1413 2448 1576 2494 episcopo
1600 2447 1746 2493 exponi-

1031 2513 1092 2545 tur
1121 2510 1166 2553 cl.
1199 2509 1352 2545 Indicem
1385 2508 1403 2543 1
1426 2511 1455 2543 et
1478 2508 1556 2543 Ind.
1579 2509 1668 2552 part.
1702 2506 1743 2541 II

1031 2581 1066 2614 p.
1092 2569 1170 2604 328.

988 2629 1083 2664 Esau
1106 2628 1122 2664 1
1144 2630 1222 2671 478,
1244 2629 1276 2664 8.
1300 2628 1378 2669 484,
1401 2628 1433 2663 9.

987 2689 1115 2724 Esther
1139 2689 1299 2735 (Hester)
1324 2686 1414 2733 regis
1438 2685 1552 2721 cubile
1577 2695 1744 2720 execrans

1033 2747 1069 2784 ΙΙ
1094 2748 1171 2791 145,
1196 2749 1228 2784 2.
1248 2747 1343 2783 inter
1366 2745 1515 2782 feminas
1538 2744 1744 2780 nominatur

1029 2818 1121 2855 quae
1147 2807 1241 2844 iuste
1268 2806 1438 2843 aixerunt
1466 2804 1483 2841 1
1509 2806 1588 2848 263,
1616 2805 1670 2841 21.
