2028 3204
120 941 157 969 10

120 1270 156 1298 15

117 1599 159 1628 20

119 1928 159 1956 25

730 211 819 248 liber
851 212 868 248 1
902 212 955 254 19,
984 212 1130 254 37-20,
1160 214 1202 247 38
1676 203 1762 246 455

184 343 266 381 est
290 351 476 381 manus
502 338 681 389 dei‚ut
706 338 886 381 daret
910 337 1026 380 illis
1063 351 1162 380 cor
1191 352 1379 389 unum,
1398 344 1445 381 ut
1472 339 1760 383 facerent

184 410 586 460 praeceptum
630 404 794 460 regis
837 409 895 447 et
936 403 1290 459 principum
1332 405 1387 447 in
1431 405 1616 447 uerbo
1659 406 1761 448 do·

184 482 226 512 m
243 468 300 512 in
318 469 344 512 i.
382 470 483 513 item
518 483 590 526 per
624 469 925 512 Hiezechielem
952 470 1195 525 prophetam
1223 470 1414 512 dominus
1448 470 1567 514 dicit:
1607 471 1633 513 d
1651 484 1676 513 a
1693 471 1719 513 b
1737 487 1761 514 o

184 534 271 578 eis
312 548 413 578 cor
451 536 625 578 aliud
665 541 718 578 et
767 535 1065 591 spiritum
1105 549 1319 578 nouum
1360 536 1513 578 dabo
1563 537 1651 579 eis
1703 544 1762 580 et

185 601 450 644 euellam
480 615 580 645 cor
609 615 811 644 eorum
841 601 1150 657 lapideum
1178 601 1237 643 de
1268 615 1449 644 carne
1480 615 1682 644 eorum
1709 609 1762 645 et

184 666 337 709 dabo
382 667 471 710 eis
516 681 617 710 cor
660 680 958 718 carneum,
1003 672 1066 709 ut
1110 667 1160 709 in
1203 667 1566 722 praeceptis
1609 668 1760 710 meis

185 733 506 776 ambulent
552 739 608 775 et
654 732 1182 776 iustificationes
1228 746 1385 775 meas
1419 733 1763 776 obseruent

185 811 206 839 e
225 803 243 840 t
264 798 280 840 f
297 812 322 840 a
339 812 360 841 c
378 799 390 840 i
408 812 433 841 a
450 812 475 841 n
496 805 514 842 t
551 813 571 842 e
589 812 614 842 a
631 813 661 842 s,
685 798 785 854 quid
806 804 869 842 est
890 803 1047 850 autem,
1067 799 1177 854 quod
1192 799 1344 842 Hester
1364 799 1435 841 illa
1447 799 1587 853 regina
1608 806 1698 842 orat
1720 806 1763 841 et

185 864 305 907 dicit:
366 865 436 907 da
495 878 832 907 sermonem
909 864 1278 907 concinnum
1343 865 1398 906 in
1461 878 1520 907 os
1578 878 1762 907 meum

187 936 239 972 et
275 931 464 973 uerba
499 943 621 973 mea
657 930 965 973 clarifica
1000 930 1050 972 in
1088 936 1430 985 conspeetu
1464 930 1667 973 leonis
1705 938 1763 973 et

186 1002 487 1039 conuerte
530 1010 618 1039 cor
660 995 792 1038 eius
835 996 885 1038 in
928 995 1130 1038 odium
1162 996 1582 1052 inpugnantis
1624 997 1758 1039 nos?

184 1067 232 1104 ut
255 1061 355 1116 quid
378 1062 459 1104 ista
481 1062 521 1104 in
545 1062 729 1104 oratione
751 1062 854 1104 dicit
875 1062 966 1113 deo,
992 1062 1025 1104 si
1047 1075 1128 1104 non
1151 1067 1344 1117 operatur
1366 1062 1465 1104 deus
1489 1062 1529 1103 in
1569 1062 1761 1104 cordibus

185 1127 399 1169 hominum
433 1128 724 1171 uoluntatem?
767 1128 835 1170 sed
874 1128 980 1170 forte
1019 1128 1096 1170 hoc
1133 1128 1280 1169 mulier
1333 1127 1571 1182 insipienter
1610 1128 1758 1171 orauit.

184 1193 397 1236 uideamus
431 1207 538 1249 ergo,
579 1199 720 1236 utrum
751 1193 932 1236 inaniter
962 1193 1209 1248 praemissus
1241 1193 1366 1235 fuerit
1398 1193 1553 1235 orantis
1585 1193 1763 1236 affectus

186 1265 229 1302 et
262 1264 506 1302 consecutus
538 1273 619 1302 non
653 1259 779 1302 fuerit
810 1259 1072 1301 exaudientis
1105 1259 1291 1301 effectus.
1324 1272 1416 1302 ecce
1449 1258 1678 1314 ingreditur
1710 1259 1763 1302 ad

186 1337 324 1379 regem
346 1350 394 1355 —
416 1339 466 1367 ne
485 1325 621 1367 multa
637 1325 826 1368 dicamus
844 1350 896 1354 —
916 1332 956 1367 et
978 1325 1077 1380 quia
1098 1338 1179 1367 non
1203 1325 1344 1367 ordine
1365 1338 1437 1367 suo
1460 1325 1766 1379 ingrediebatur

185 1403 338 1445 magna
359 1391 605 1434 necessitate
632 1391 841 1446 conpulsa,
872 1390 1047 1433 intuitus
1081 1396 1144 1433 est
1177 1404 1282 1441 eam,
1317 1391 1423 1433 sicut
1454 1391 1653 1445 scriptum
1685 1395 1763 1442 est,

186 1457 302 1499 uelut
332 1462 477 1500 taurus
516 1457 558 1499 in
597 1457 740 1512 inpetu
781 1456 1077 1512 indignationis
1108 1470 1218 1499 suae.
1267 1462 1310 1498 et
1344 1456 1485 1499 timuit
1535 1457 1675 1511 regina
1721 1461 1765 1499 et

187 1534 406 1565 conuersus
457 1527 522 1565 est
568 1522 679 1564 color
727 1522 812 1564 eius
866 1536 936 1577 per
994 1522 1310 1564 dissolutionem
1361 1529 1401 1563 et
1450 1521 1668 1564 inclinauit
1723 1535 1765 1564 se

187 1600 310 1643 super
339 1594 467 1643 caput
500 1587 700 1630 delicatae
732 1601 844 1639 suae,
879 1601 985 1643 quae
1023 1588 1297 1643 praecedebat
1330 1601 1435 1630 eam.
1480 1592 1523 1630 et
1555 1587 1764 1630 conuertit

185 1653 285 1695 deus
344 1659 386 1696 et
453 1653 670 1696 transtulit
738 1653 1064 1709 indignationem
1132 1653 1219 1696 eius
1277 1653 1318 1695 in
1388 1653 1617 1695 lenitatem.
1681 1654 1763 1695 iam

188 1720 404 1774 sequentia
448 1733 768 1762 commemorare
815 1720 915 1775 quid
959 1733 1062 1775 opus
1110 1726 1187 1772 est,
1227 1719 1299 1761 ubi
1338 1719 1461 1761 deum
1508 1719 1763 1774 conpleuisse

190 1785 301 1839 quod
333 1785 404 1827 illa
432 1791 651 1841 rogauerat
685 1786 829 1827 diuina
860 1785 1063 1840 scriptura
1094 1790 1274 1828 testatur
1313 1785 1522 1840 operando
1562 1785 1604 1827 in
1642 1785 1764 1827 eorde

188 1850 291 1905 regis
334 1850 434 1907 quid
469 1851 582 1894 aliud
625 1864 751 1907 quam
798 1852 1073 1901 uoluntatem,
1118 1864 1201 1906 qua
1243 1851 1363 1893 iussit
1406 1856 1449 1893 et
1491 1849 1649 1892 factum
1698 1855 1764 1892 est

191 1917 302 1972 quod
330 1917 383 1958 ab
413 1930 460 1959 eo
491 1917 632 1971 regina
660 1917 934 1971 poposcerat?
979 1929 1105 1971 quam
1134 1916 1234 1958 deus
1264 1916 1360 1966 iam,
1395 1921 1443 1958 ut
1473 1915 1607 1966 lieret,
1636 1929 1763 1957 exau-

188 1982 334 2032 dierat,
352 1981 422 2037 qui
438 1995 508 2024 cor
522 1982 638 2037 regis,
656 1987 882 2037 antequam
898 1981 1078 2024 mulieris
1095 1994 1325 2023 sermonem
1340 1981 1547 2036 poscentis
1563 1981 1762 2031 audisset,

189 2047 467 2090 occultissima
501 2054 542 2090 et
578 2047 866 2090 efficacissima
898 2053 1107 2102 potestate
1142 2046 1349 2089 conuertit
1383 2053 1425 2089 et
1460 2045 1677 2088 transtulit
1710 2046 1765 2089 ab

288 2226 309 2260 3
327 2225 451 2261 Ezech.
470 2226 524 2266 36,
543 2226 595 2260 26.
615 2226 655 2260 27
757 2225 777 2259 9
796 2225 894 2260 Esth.
916 2227 966 2266 14,
986 2225 1026 2260 13
1128 2225 1167 2260 15
1183 2224 1227 2260 ct.
1246 2224 1347 2260 Esth.
1368 2226 1420 2266 15,
1438 2226 1543 2259 tJ—ll

292 2353 306 2386 1
327 2342 425 2389 (1ῐῖὶο
496 2353 516 2388 2
532 2351 618 2398 legis
632 2352 662 2387 B
730 2352 752 2387 3
767 2350 975 2387 ezechielem
987 2350 1143 2387 CVEFG
1167 2351 1398 2387 ezechihelem
1412 2350 1473 2385 BL
1499 2350 1719 2386 iezechielem
1734 2352 1767 2386 D

188 2413 208 2446 4
225 2410 333 2447 alium
342 2411 400 2446 GL
469 2412 490 2446 5
507 2411 853 2458 lapideum—eorum
869 2411 969 2446 om.V
1030 2412 1051 2446 8
1068 2415 1189 2447 autem
1205 2413 1307 2448 om.D
1385 2416 1476 2446 ester
1485 2412 1514 2446 G
1532 2411 1649 2446 esther
1660 2410 1766 2445 Ede

190 2470 211 2505 9
227 2471 477 2507 concinnatum
487 2471 549 2506 OB
623 2470 686 2516 bos
698 2471 726 2506 C
804 2472 846 2506 10
860 2470 1023 2517 gratifica
1031 2472 1095 2507 OB
1180 2471 1219 2505 11
1239 2470 1384 2506 hodium
1398 2470 1425 2505 C
1496 2472 1538 2506 12
1554 2470 1619 2505 deo
1637 2469 1762 2504 om.GL

192 2530 233 2564 15
250 2533 434 2567 essecutus
445 2530 477 2566 B
567 2536 603 2566 et
618 2530 883 2567 exaudientisc
973 2530 1123 2566 effectus
1139 2540 1182 2565 ea:
1196 2529 1439 2566 affectusoml
1524 2530 1566 2565 16
1583 2539 1651 2564 non
1668 2530 1767 2564 orn-0

192 2590 233 2626 17
250 2591 309 2626 all-
328 2595 383 2626 est
398 2592 547 2628 omoml
632 2592 674 2626 18
691 2590 801 2626 ueluti
819 2591 1015 2627 aurusOmI
1098 2590 1135 2625 in
1151 2589 1408 2626 om.OBCEFV
1487 2590 1529 2624 19
1545 2588 1767 2624 conuersa-G

191 2649 298 2697 color]
316 2661 375 2686 cor
383 2650 442 2686 GL
503 2651 546 2687 m
560 2650 847 2696 praedebatOml
909 2660 991 2685 eum
999 2649 1085 2686 Lm1
1149 2651 1193 2686 22
1208 2649 1431 2695 sequentias)
1491 2659 1766 2683 commemorare

189 2708 240 2745 Ga
253 2720 281 2746 ο.
323 2709 419 2756 quod
434 2709 464 2744 B
502 2709 730 2756 compleuisse
747 2710 851 2754 (uisse
867 2710 943 2745 add.
957 2711 1064 2755 ηι2)0
1116 2710 1158 2746 23
1174 2713 1352 2746 testantur
1362 2708 1424 2744 EF
1470 2709 1511 2743 25
1530 2707 1697 2754 poscebat
1706 2706 1766 2741 GL

190 2768 262 2805 iam
287 2780 313 2806 s.
325 2770 346 2806 l.
358 2769 388 2805 L
461 2770 534 2806 iam
558 2769 765 2806 exaudierat
784 2769 813 2804 L
909 2769 952 2804 26
977 2780 1172 2805 sermonem
1198 2768 1355 2804 mulieris
1377 2768 1406 2803 V
1503 2768 1543 2803 27
1570 2771 1606 2802 et
1632 2778 1695 2802 om.
1707 2765 1765 2800 GL

193 2829 423 2875 potestate-0
