2028 3204
713 218 800 256 liber
827 218 863 254 11
895 220 928 263 3,
959 220 1058 262 6-4,
1091 220 1112 254 8
1648 208 1725 250 341

149 345 233 389 tuis
245 345 393 389 litteris
405 345 628 389 refellatur.
642 345 676 389 si
687 350 829 388 autem
845 359 990 388 uerum
1006 350 1069 388 est
1084 344 1155 388 illa
1175 345 1413 388 humilitate
1430 345 1587 388 homini
1604 345 1732 400 egisse

150 417 192 455 te
222 411 391 468 gratias-3,
422 412 584 468 gaudeo
616 412 799 468 quidem,
827 412 860 454 si
887 416 930 454 te
954 411 1055 454 illud
1096 425 1178 454 non
1202 411 1358 462 docuit,
1395 411 1508 467 quod
1534 411 1722 467 superius

49 479 80 534 .)
152 491 278 534 quam
299 477 354 520 sit
373 477 671 520 detestandum
691 478 1008 533 cauendumque
1028 477 1273 528 monstram,
1295 483 1337 519 et
1359 490 1440 519 non
1461 477 1729 533 reprehendo,

149 545 261 599 quod
284 548 430 599 gratus
454 543 578 586 fueris
603 549 726 587 tanta
749 543 986 587 humilitate
1011 543 1185 594 doctori,
1212 544 1245 586 si
1270 542 1427 598 aliquid
1452 543 1566 586 aliud
1591 543 1732 599 dispu-

102 622 120 653 ο
148 615 267 654 tante
290 609 360 652 illo
385 622 529 652 uerum
554 615 682 666 atque
707 609 807 652 utile
831 609 1032 661 didicisti;
1057 610 1129 652 sed
1154 609 1232 652 hoc
1257 609 1357 665 quid
1382 610 1435 652 sit
1460 609 1635 664 inquiro.
1677 622 1731 652 an

149 675 255 718 forte
275 675 460 718 animam
482 689 565 718 non
586 676 779 731 spiritum
800 689 899 726 esse,
922 676 993 718 sed
1015 675 1195 730 corpus?
1233 688 1317 718 non
1338 675 1508 731 quidem
1529 689 1731 731 magnum

147 742 362 785 doctrinae
381 742 631 784 christianae
650 742 830 785 arbitror
848 755 935 784 esse
953 742 1254 784 detrimentum
1274 741 1356 784 ista
1376 742 1530 783 nescire
1551 746 1605 792 et,
1627 742 1660 783 si
1680 742 1731 784 de

148 820 366 862 corporum
398 807 616 863 generibus
649 807 860 850 subtiliter
891 808 1141 863 disputetur,
1177 808 1256 850 hoc
1288 807 1444 850 maiore
1477 806 1731 849 difficultate

149 887 276 929 qua-m
301 873 484 916 utilitate
507 873 765 929 perdiscitur.
807 874 840 916 si
863 878 1006 916 autem
1029 874 1223 917 dominus
1249 873 1439 924 uoluerit,
1466 878 1512 915 ut
1537 873 1590 916 ad
1614 872 1731 915 illum

82 950 122 980 ιι)
149 940 285 995 ipsum
305 940 497 982 iuuenem
515 939 708 991 scribam,
728 940 837 982 sicut
856 939 1056 991 desidero,
1078 939 1135 982 ibi
1153 939 1256 982 sciet
1276 939 1451 982 fortasse
1471 938 1637 981 dilectio
1657 944 1732 982 tua

149 1005 275 1048 etiam
305 1006 383 1048 hoc
412 1018 538 1060 quam
569 1018 653 1048 non
681 1010 723 1048 te
752 1006 952 1056 docuerit,
982 1005 1015 1048 si
1045 1011 1188 1048 tamen
1218 1005 1259 1047 id
1290 1011 1331 1048 te
1360 1005 1414 1047 ab
1443 1004 1511 1047 illo
1541 1005 1732 1047 didicisse

150 1071 326 1115 laetaris.
369 1072 441 1114 sed
468 1085 518 1114 ne
545 1071 645 1126 quid
672 1071 779 1114 forte
804 1070 918 1114 aliud
943 1072 1011 1123 sit,
1040 1072 1152 1127 quod
1179 1076 1345 1114 constat
1371 1084 1457 1113 esse
1484 1070 1584 1114 utile
1610 1076 1651 1113 et
1678 1071 1731 1113 ad

149 1137 276 1180 fidem
306 1137 578 1180 neeessariam
607 1137 826 1193 pertinere,
857 1142 954 1193 peto
985 1137 1206 1180 rescribere
1235 1151 1318 1180 non
1346 1137 1541 1191 graueris.

256 1215 292 1258 8.
317 1215 424 1257 Nam
445 1215 559 1266 illud,
581 1215 694 1270 quod
714 1215 940 1258 rectissime
960 1220 1001 1257 et
1023 1215 1143 1258 ualde
1163 1214 1385 1257 salubriter
1405 1215 1536 1257 credit
1559 1214 1730 1256 iudicari

82 1291 120 1323 15
149 1280 321 1332 animas,
357 1295 453 1323 cum
486 1281 538 1324 de
571 1281 811 1336 corporibus
846 1281 1032 1332 exierint,
1069 1286 1298 1336 antequam
1333 1280 1503 1323 ueniant
1540 1280 1593 1323 ad
1628 1279 1731 1322 illud

151 1346 362 1398 iudicium,
387 1359 469 1402 quo
494 1360 563 1390 eas
586 1351 751 1402 oportet
775 1346 859 1389 iam
882 1347 1055 1389 redditis
1078 1346 1320 1402 corporibus
1344 1346 1516 1389 iudicari
1538 1351 1668 1402 atque
1690 1346 1733 1389 in

149 1412 252 1468 ipsa,
284 1413 327 1455 in
360 1426 443 1468 qua
473 1412 539 1455 hic
572 1413 780 1463 uixerunt,
814 1426 936 1455 carne
966 1412 1151 1469 torqueri
1180 1412 1268 1455 siue
1297 1411 1476 1467 gloriari,
1510 1412 1588 1454 hoc
1619 1411 1732 1454 itane

149 1479 320 1521 tandem
336 1478 423 1534 ipse
438 1478 680 1521 nesciebas?
712 1478 804 1533 quis
820 1479 1018 1521 aduersus
1034 1478 1295 1533 euangelium
1310 1483 1434 1521 tanta
1450 1477 1734 1520 obstinatione

149 1545 301 1587 mentis
321 1544 553 1595 obsurduit,
577 1550 624 1587 ut
644 1545 688 1587 in
708 1544 776 1586 illo
797 1557 991 1600 paupere,
1014 1545 1085 1600 qui
1105 1548 1200 1600 post
1220 1549 1399 1586 mortem
1419 1543 1587 1586 ablatus
1607 1548 1669 1586 est
1690 1544 1732 1586 in

81 1621 123 1652 ιο
148 1611 286 1654 sinum
307 1610 512 1662 Abrahae,
535 1615 577 1653 et
598 1611 641 1654 in
662 1609 731 1652 illo
752 1610 896 1662 diuite,
920 1610 1036 1653 cuius
1057 1610 1242 1653 infernus
1263 1610 1472 1653 cruciatus
1493 1609 1729 1665 exponitur,

149 1677 230 1720 ista
249 1690 332 1720 non
351 1676 496 1719 audiat
516 1676 583 1719 uel
600 1676 747 1719 audita
765 1690 848 1719 non
867 1676 1040 1719 credat?
1075 1677 1147 1719 sed
1167 1677 1372 1732 numquid
1391 1680 1434 1718 te
1452 1675 1608 1726 docuit,
1631 1689 1732 1730 quo-

148 1743 272 1786 modo
291 1743 432 1786 anima
448 1742 537 1785 sine
555 1755 723 1798 corpore
741 1742 792 1784 de
810 1742 941 1797 digito
960 1743 1156 1798 pauperis
1173 1756 1307 1798 aquae
1325 1741 1481 1784 stillam
1499 1742 1731 1784 desiderare

150 1809 347 1864 potuerit,
366 1809 563 1864 cumipse
588 1808 798 1851 confessus
823 1809 877 1850 sit
901 1808 1102 1851 alimenta
1127 1821 1325 1864 corporea
1350 1821 1433 1850 non
1459 1808 1537 1850 nisi
1562 1813 1733 1863 propter

149 1874 376 1917 fulciendas
396 1874 536 1917 ruinas
556 1873 835 1929 corruptibilis
855 1875 1036 1929 corporis
1054 1874 1118 1916 sui
1136 1875 1321 1917 animam
1341 1872 1567 1929 quaerere?
1604 1873 1733 1916 uerba

80 1949 122 1982 ιο
150 1940 236 1983 eius
263 1940 345 1983 ista
369 1945 487 1983 sunt:
521 1939 720 1994 numquid
746 1940 843 1994 quia
869 1940 1021 1990 anima,
1050 1940 1200 1994 inquit,
1229 1943 1299 1982 aut
1325 1939 1457 1982 cibum
1483 1940 1637 1993 quaerit
1663 1943 1732 1981 aut

150 2009 302 2060 potum,
335 2005 387 2047 ad
416 2006 551 2059 ipsam
582 2005 753 2048 transire
783 2005 979 2048 credimus
1010 2005 1203 2059 pastum?
1248 2011 1289 2047 et
1323 2004 1447 2060 paulo
1480 2010 1595 2060 post:
1628 2004 1734 2046 unde

150 2071 401 2126 intellcqitur,
437 2071 587 2127 inquit,
623 2075 657 2113 ct
691 2070 879 2125 probatur
912 2085 994 2113 non
1028 2071 1080 2113 ad
1113 2071 1295 2113 animam
1328 2071 1523 2125 pertinere
1556 2070 1733 2113 ciborum

150 2136 431 2188 sustentacula,
453 2137 521 2180 sed
542 2136 594 2179 ad
614 2149 770 2191 corpus,
794 2137 862 2179 cui
881 2137 1001 2179 etiam
1021 2141 1174 2191 praeter
1195 2137 1327 2180 cibum
1347 2141 1584 2191 procuratur
1603 2136 1734 2178 simili

150 2203 302 2246 ratione
331 2203 510 2254 uestitus,
543 2207 586 2244 ut
616 2202 681 2245 illi
709 2203 956 2246 necessarius
986 2202 1172 2245 uideatur
1201 2207 1390 2257 pasturae
1419 2206 1634 2258 suqqestus,
1666 2203 1734 2244 eui

244 2369 288 2405 19
307 2369 352 2406 cf.
370 2370 454 2405 Luc.
478 2369 531 2411 16,
548 2368 677 2406 19-24
772 2370 814 2405 25
836 2368 936 2406 Vinc.
955 2369 1075 2406 Victor

64 2506 91 2531 ,ἃ
246 2476 406 2513 lucras)
485 2476 660 2513 2illi'1BG
736 2476 992 2514 ‹iiuatantac
1073 2478 1184 2514 alioC
1270 2478 1389 2514 60sA
1464 2476 1730 2514 lodesiderioC

158 2536 199 2572 11
214 2535 311 2582 quod
326 2534 435 2572 etim
446 2536 526 2583 (mn.
544 2547 634 2583 sequ.
649 2537 773 2584 quam)
785 2537 804 2573 b
877 2536 923 2573 ho
937 2538 970 2573 A
1047 2536 1210 2585 noaniG
1284 2539 1326 2574 13
1342 2537 1538 2575 necessaria
1552 2537 1570 2572 b
1644 2547 1688 2573 ne
1699 2537 1730 2572 Ε

93 2594 102 2615 ’-
158 2596 202 2632 14
213 2595 308 2632 aliud
324 2595 385 2632 Bo
461 2597 503 2633 15
518 2596 643 2633 exierit
656 2596 689 2633 A
707 2587 837 2633 exiefc
908 2598 950 2634 16
963 2596 1049 2644 iam]
1062 2596 1170 2634 etiam
1181 2597 1248 2633 υΕ
1324 2597 1526 2645 corporibus
1541 2596 1686 2632 redditis
1701 2596 1732 2632 Ε

71 2659 77 2666 ·
104 2674 107 2679 ⁷
158 2655 201 2691 ιτ
216 2653 378 2703 iniquae
457 2649 558 2693 dixe}
574 2657 604 2692 c
674 2646 796 2704 {queri
808 2657 840 2692 Ε
918 2655 1002 2701 itaer
1016 2657 1075 2704 (ne
1091 2668 1119 2695 ε.
1133 2655 1164 2702 q}
1175 2658 1246 2703 m1)
1262 2656 1294 2693 B
1308 2656 1432 2694 imm
1514 2658 1556 2693 19
1573 2659 1614 2692 ut
1630 2656 1730 2692 0ch

158 2712 299 2760 abhtus
311 2715 354 2760 (d
369 2726 397 2753 ε.
410 2714 449 2762 b)
460 2715 494 2751 D
567 2715 709 2753 ablatus
720 2719 776 2753 est
789 2716 887 2754 cml]
963 2717 1006 2754 20
1022 2716 1150 2754 inferni
1163 2718 1194 2754 E
1213 2716 1251 2753 in
1263 2716 1399 2753 inferno
1412 2717 1435 2752 d
1512 2717 1555 2752 22
1569 2715 1730 2763 pauperis

158 2783 272 2821 ⁸⁸un
284 2775 364 2812 add.
375 2774 434 2812 m2
445 2775 486 2812 in
497 2778 587 2822 epae.
600 2786 676 2813 uae.
686 2776 719 2812 F
763 2779 872 2823 atque
882 2777 914 2812 E
959 2777 1004 2814 23
1020 2776 1139 2825 potuit
1148 2777 1204 2813 Fd
1255 2778 1298 2813 24
1314 2779 1362 2812 na.
1377 2777 1485 2813 uerba
1499 2776 1530 2812 E
1577 2776 1620 2812 25
1633 2775 1687 2812 ita
1696 2774 1731 2811 D

159 2832 314 2880 quile
387 2834 547 2872 animat}
623 2836 753 2882 cybum
766 2836 1004 2883 (mperyhd
1072 2837 1115 2873 26
1128 2836 1302 2874 oredimus
1317 2835 1507 2873 transireD
1574 2836 1618 2872 29
1633 2834 1730 2872 ineo
