2028 3204
213 234 290 276 620

213 356 409 390 absurditas
440 355 450 389 1
479 357 532 394 66,
564 356 611 389 12.
644 356 715 394 113,
747 357 796 389 10.
823 356 900 395 307,
927 356 957 389 3.
995 381 996 391 1

257 416 331 450 482.
363 417 411 449 14.

213 474 396 507 absurdus:
427 479 460 507 et
488 473 554 506 alia
583 473 732 507 multum
761 473 912 507 absurda
946 473 957 507 l

257 535 332 572 333,
357 534 409 566 23.
433 534 509 572 334,
535 533 586 566 21.
611 534 687 573 401,
711 534 742 567 6.
768 537 901 577 quanta
925 537 959 567 te

258 597 373 625 tamen
390 591 541 625 absurda
557 597 675 625 secuta
691 592 762 625 sint
782 591 793 625 I
811 594 887 632 413,
907 594 956 626 18.

257 651 353 684 cuius
369 656 420 685 est
437 651 585 684 absurda
604 651 796 695 proprietas
815 651 828 685 l
848 652 921 692 158,
938 653 958 686 3

257 731 297 733 —
325 721 434 754 neque
461 710 551 743 enirn
580 710 769 744 absurdum
797 717 849 744 est
876 715 913 745 ut
944 710 957 744 Ι

256 771 331 809 439,
352 771 401 803 11.
421 769 513 814 quod
532 773 583 803 cst
600 769 783 804 absurdius
803 770 815 803 Ι
836 771 908 811 133,
927 771 957 804 2.

256 834 388 873 quauta
414 834 447 862 te
472 828 722 863 absurdissima
747 840 959 874 consequan-

256 893 312 921 tur
341 887 352 921 l
378 889 455 928 400,
483 890 533 923 11.

209 947 419 981 abundantia
450 948 624 982 sermonis:
655 948 729 981 laus
760 952 794 982 et
826 948 959 993 praedi-

256 1006 347 1040 catio
370 1006 381 1040 l
404 1008 476 1047 161,
497 1008 547 1041 14.
568 1007 664 1041 labor
682 1012 715 1041 et
733 1007 904 1042 industria
924 1007 956 1042 ΙΙ

255 1067 329 1102 275,
356 1067 387 1100 3.
424 1065 579 1100 ficinora
613 1070 649 1101 et
683 1066 823 1111 flagitia
862 1066 955 1102 130.

259 1126 288 1159 9.
330 1126 406 1166 226,
442 1127 493 1160 21.
545 1125 679 1160 astutia
730 1130 766 1160 et
809 1126 909 1160 dolus
942 1127 955 1160 Ι

259 1187 332 1220 184.
366 1186 417 1219 22.
452 1185 625 1219 inlecebra
667 1186 845 1231 fomesque
881 1197 958 1231 pec·

254 1244 323 1277 cati
362 1244 393 1278 ΙΙ
430 1245 505 1284 275,
547 1246 576 1279 7.
618 1245 812 1279 obscuritas
851 1250 958 1290 atque

253 1303 464 1348 ambiguitas
493 1304 505 1337 Ι
531 1305 607 1345 499,
635 1305 685 1339 17.
712 1305 899 1339 maledicta
924 1310 958 1340 et

254 1363 409 1397 conuicia
440 1363 473 1397 Il
501 1364 576 1404 268,
603 1365 623 1398 3
649 1384 691 1388 -
718 1364 898 1398 fructifera
925 1368 959 1399 et

253 1422 399 1457 secunda
436 1422 472 1457 II
511 1423 586 1465 140,
633 1425 684 1458 14.
723 1423 889 1458 calcanda
925 1428 961 1459 et

254 1482 443 1516 obterenda
484 1482 497 1516 Ι
535 1483 610 1523 258,
650 1483 701 1517 15.
739 1483 887 1518 sauciati
924 1488 959 1519 et

254 1541 424 1575 uulnerati
448 1541 479 1575 ll
499 1543 575 1582 315,
598 1544 626 1577 1.
647 1542 905 1577 instantissima
924 1548 959 1578 et

253 1601 419 1635 acerrima
436 1601 447 1634 l
463 1603 493 1641 9,
508 1603 559 1635 22.
574 1607 673 1646 grata
685 1607 792 1647 atque
805 1602 957 1637 iucunda

258 1660 267 1693 l
295 1662 348 1699 66,
375 1662 428 1701 24,
454 1662 496 1703 cf.
527 1660 538 1694 Ι
564 1663 596 1702 3,
622 1662 653 1695 5.
681 1662 818 1706 superbi
844 1666 880 1696 et
904 1673 956 1696 ar-

255 1724 413 1764 rogantes
456 1719 468 1753 l
511 1721 583 1761 164,
624 1722 653 1755 2.
695 1721 811 1755 clauso
849 1725 956 1767 atque

252 1779 413 1813 obserato
452 1779 465 1813 Ι
493 1780 568 1820 272,
597 1781 639 1814 20
665 1800 708 1804 —-
736 1780 894 1825 cupimus
921 1786 955 1815 et

252 1844 414 1883 optamus
466 1838 499 1872 II
548 1840 601 1879 99,
652 1841 703 1874 13.
754 1840 874 1874 refecit
921 1846 956 1875 et

254 1898 420 1932 recreauit
436 1897 467 1931 II
492 1899 564 1938 102,
587 1900 617 1933 9.
639 1899 761 1944 gignat
782 1903 817 1933 et
839 1900 956 1945 pariat

257 1957 286 1990 ll
304 1959 377 1998 140,
392 1958 441 1992 15.
462 1958 575 2002 pariat
586 1958 801 2004 pulluletque
812 1963 956 2004 peccata

257 2016 267 2050 l
314 2018 389 2055 250,
436 2018 487 2051 25.
534 2017 753 2052 absorbuerit
797 2022 833 2053 et
877 2030 956 2053 con-

252 2076 438 2120 sumpserit
464 2076 478 2110 Ι
504 2077 579 2118 226,
604 2078 635 2111 6.
661 2077 763 2111 duxit
788 2082 822 2112 et
847 2079 956 2113 traxit

256 2135 268 2168 Ι
286 2137 318 2175 3,
340 2137 390 2170 10.
412 2139 564 2170 recurrat
582 2139 617 2171 et
636 2137 753 2171 redeat
774 2136 787 2171 1
805 2138 882 2178 395,
904 2139 954 2173 19.

252 2194 377 2239 premit
399 2199 505 2239 atque
527 2199 626 2240 urget
649 2195 663 2229 Ι
685 2197 738 2237 72,
763 2197 812 2231 13.
836 2208 956 2242 sapere

252 2258 358 2299 atque
377 2254 504 2288 sentire
526 2254 539 2288 I
558 2256 636 2295 470,
654 2255 685 2289 5.
705 2255 832 2290 adimit
849 2260 956 2302 atque

252 2313 365 2347 aufert
395 2313 409 2347 Ι
436 2314 510 2354 148,
539 2315 590 2348 11.
617 2334 660 2339 ——
685 2314 824 2349 fortiter
849 2319 955 2361 atque

251 2372 377 2407 acriter
404 2372 418 2407 I
444 2373 518 2414 164,
543 2374 574 2408 3.
601 2374 765 2408 acerrime
790 2385 830 2408 ac
854 2375 955 2409 uehe-

252 2431 466 2466 mentissime
491 2432 505 2466 I
530 2433 603 2474 156,
626 2434 678 2467 24.
702 2434 878 2478 quomodo
900 2435 954 2469 uel

252 2491 400 2536 qualiter
436 2491 450 2526 Ι
484 2492 560 2532 239,
595 2492 647 2527 16.
681 2492 887 2527 laboriosius
919 2498 955 2528 et

251 2551 428 2596 operosius
450 2550 465 2585 I
487 2552 560 2592 142,
583 2552 634 2586 12.
655 2571 698 2576 —
717 2562 841 2597 nempe
860 2552 953 2587 enim

255 2609 288 2644 II
321 2611 374 2651 96,
408 2611 439 2645 9.
473 2621 596 2656 nempe
629 2621 709 2656 ergo
745 2610 779 2645 II
813 2612 887 2653 152,
920 2612 951 2647 5.

253 2680 371 2704 uerum
397 2673 515 2704 autem
543 2669 578 2704 II
604 2671 678 2712 113,
706 2671 747 2706 19
770 2673 827 2706 cet.

206 2727 425 2763 abundantia
442 2729 574 2775 gratiae
596 2728 611 2764 I
631 2730 706 2771 161,
725 2729 757 2765 6.
792 2729 827 2764 II
847 2730 900 2771 96,
921 2731 951 2765 2.

250 2787 401 2822 filiorum
438 2799 478 2823 ac
515 2788 692 2824 fructuum
731 2788 767 2824 11
802 2789 856 2830 66,
895 2790 952 2830 13;

250 2847 293 2890 cl.
320 2845 336 2881 Ι
360 2847 436 2886 253,
463 2849 514 2883 11.
542 2849 594 2883 16.
620 2848 696 2890 256,
721 2849 752 2884 9.

630 237 693 271 lll.
727 237 835 271 Index
862 237 1045 272 uerbomrn
1073 242 1108 271 et
1134 235 1369 272 elocutionum

1033 355 1288 390 abundantius:
1309 355 1373 390 hoc
1392 355 1482 390 enim
1503 366 1581 390 cum
1601 355 1784 392 abundan-

1078 415 1149 449 tius
1173 414 1375 460 apparuerit
1401 414 1415 449 I
1439 415 1495 456 37,
1520 415 1573 450 24.

1033 474 1190 508 abundo:
1238 478 1277 508 ut
1323 474 1430 508 etiam
1476 485 1545 508 non
1592 474 1785 520 baptizatis

1077 533 1259 568 abundent
1271 533 1347 568 loca
1360 533 1591 579 sempiternae
1604 534 1785 570 felicitatis

1080 592 1093 627 Ι
1114 594 1191 634 348,
1213 594 1264 627 22.
1287 593 1445 627 abundat
1465 593 1647 638 impietate
1670 593 1683 628 I
1703 595 1782 636 364,

1077 653 1130 687 28.

1032 711 1148 756 abyssi
1174 711 1328 746 altitudo
1356 711 1370 745 I
1396 712 1450 753 28,
1474 713 1511 753 3;
1536 713 1579 755 cl.
1609 711 1623 746 1
1647 713 1724 754 477,
1749 713 1781 747 5.

1077 771 1112 805 in
1138 770 1273 815 abyssis
1299 770 1314 805 Ι
1338 772 1415 812 372,
1440 771 1471 805 6.

1032 841 1071 864 ac.
1092 841 1161 864 non
1181 847 1213 858 z
1235 830 1304 864 und
1325 830 1414 864 nicht
1433 830 1589 865 ΔιτίεῖνηεἸιν
1611 830 1625 865 Ι
1648 832 1723 872 179,
1743 832 1780 872 3:

1077 891 1120 933 cs.
1148 889 1162 924 Ι
1187 890 1263 931 516,
1291 891 1342 924 14.

1032 960 1175 995 accedo:
1206 960 1286 995 huic
1315 960 1421 995 etiam
1452 961 1636 995 uerborum
1666 972 1782 996 conse-

1077 1020 1260 1065 quentium
1286 1020 1403 1054 lumen
1429 1020 1563 1055 accedit
1592 1020 1605 1054 Ι
1630 1022 1662 1062 8,
1688 1022 1719 1056 4.
1746 1025 1783 1055 et

1076 1079 1206 1125 ingenii
1236 1079 1352 1114 lumen
1382 1090 1599 1114 accessurum
1630 1080 1783 1115 creditur

1077 1139 1204 1173 aetatis
1233 1149 1371 1173 accessu
1404 1139 1417 1173 I
1447 1139 1501 1181 66,
1531 1140 1583 1175 23.
1614 1139 1669 1174 ille
1698 1130 1783 1174 ouili

1077 1198 1248 1233 catholieo
1284 1199 1460 1233 sanandus
1494 1210 1603 1244 nuper
1636 1199 1783 1233 accessit

1080 1257 1094 1292 1
1115 1259 1192 1299 340,
1215 1259 1267 1292 21.
1290 1258 1494 1303 perfectioni
1515 1258 1704 1303 plurimum
1726 1269 1781 1292 ac-

1078 1317 1179 1352 cessit
1199 1317 1233 1351 11
1250 1318 1303 1358 24,
1323 1319 1379 1357 10;
1397 1319 1438 1361 cl.
1459 1317 1473 1351 I
1490 1318 1544 1359 69,
1562 1319 1614 1353 20.
1634 1318 1708 1359 157,
1728 1318 1780 1352 17.

1079 1377 1154 1418 199,
1176 1378 1227 1412 10.
1252 1376 1285 1411 II
1308 1378 1382 1418 149,
1405 1377 1456 1411 16.
1479 1378 1554 1418 274,
1577 1377 1628 1412 16.
1652 1378 1703 1412 18.
1726 1378 1779 1412 21.

1078 1436 1163 1470 illud
1186 1447 1324 1482 quoque
1346 1436 1481 1471 accedit
1504 1437 1585 1482 quia
1611 1436 1625 1470 Ι
1650 1437 1724 1478 132,
1749 1438 1780 1472 9.

1079 1496 1145 1530 huc
1170 1496 1305 1530 accedit
1329 1496 1411 1541 quia
1439 1495 1452 1530 I
1477 1497 1553 1537 312,
1580 1497 1610 1531 2.

1032 1567 1199 1602 accendo:
1232 1567 1267 1601 in
1298 1567 1355 1601 illo
1386 1567 1455 1601 iam
1487 1578 1556 1601 non
1588 1567 1781 1602 reluctante

1076 1627 1232 1661 studium
1261 1626 1404 1661 uirtutis
1431 1626 1633 1661 accenditur
1662 1626 1675 1660 I
1703 1627 1780 1667 534,

1077 1688 1128 1721 11.
1146 1686 1217 1720 zelo
1233 1686 1476 1724 ardentissimo
1491 1697 1654 1720 accensus
1673 1685 1686 1720 Ι
1703 1687 1780 1727 233,

1074 1748 1111 1787 4;
1141 1747 1184 1790 ej.
1217 1745 1231 1780 I
1263 1746 1336 1786 163,
1367 1746 1397 1780 7.
1429 1746 1504 1787 217,
1537 1746 1587 1780 15.
1619 1746 1694 1786 236,
1725 1746 1778 1780 26.

1075 1806 1150 1847 237,
1177 1806 1207 1840 2.

1029 1877 1202 1922 acceptio:
1223 1876 1259 1910 in
1279 1876 1445 1921 baptismi
1465 1875 1666 1921 acceptione
1690 1875 1703 1910 I
1724 1877 1780 1917 82,

1077 1937 1127 1971 16.
1156 1936 1251 1970 omni
1277 1935 1479 1981 acceptione
1505 1935 1630 1981 dignus
1660 1935 1674 1970 Ι
1702 1936 1780 1977 248,

1075 1997 1127 2031 23.
1149 1995 1186 2029 in
1207 1995 1409 2040 acceptione
1430 1994 1585 2030 iustitiae
1610 1994 1625 2029 1
1647 1995 1701 2036 94,
1726 1995 1776 2030 15.

1074 2065 1299 2100 personarum
1318 2054 1476 2099 acceptio
1498 2053 1512 2088 I
1533 2055 1607 2095 198,
1628 2055 1680 2089 24.
1701 2055 1780 2096 204,

1074 2115 1104 2150 9.
1133 2116 1173 2150 13
1197 2117 1254 2149 cet.

1029 2189 1189 2230 accepto:
1221 2188 1412 2230 utcumque
1441 2188 1683 2230 acceptaretur
1712 2184 1777 2218 hoc

1073 2245 1208 2279 dictum
1237 2244 1251 2278 Ι
1276 2245 1351 2285 276,
1377 2245 1430 2279 26.

1029 2304 1194 2338 accessio:
1218 2303 1315 2338 cuius
1337 2303 1512 2348 (uiatoris)
1532 2303 1619 2338 bene
1641 2313 1779 2348 promo·

1074 2366 1176 2398 uetur
1199 2362 1349 2398 accessio
1376 2362 1391 2397 I
1415 2363 1492 2404 508,
1518 2363 1571 2398 22.

1028 2433 1200 2457 accessus:
1237 2433 1377 2457 accessu
1412 2421 1542 2457 aetatis
1579 2421 1595 2456 I
1630 2421 1684 2462 66,
1721 2421 1777 2456 23.

1073 2481 1260 2527 corporalis
1283 2492 1354 2517 acc.
1382 2481 1417 2516 II
1441 2482 1519 2523 310,
1543 2481 1575 2516 5.

1027 2541 1187 2576 accidens
1219 2540 1350 2575 malurn
1387 2540 1402 2575 Ι
1434 2540 1513 2582 450,
1547 2541 1599 2575 11.
1632 2539 1710 2581 518,
1742 2539 1778 2574 6.

1072 2600 1199 2635 uitium
1217 2600 1321 2642 1461,
1336 2601 1394 2641 17;
1407 2600 1450 2643 cl.
1467 2599 1547 2641 115,
1560 2600 1592 2634 4.
1606 2598 1638 2634 5.
1653 2599 1729 2640 232,
1742 2599 1775 2634 3.

1026 2671 1176 2716 accipio:
1245 2670 1382 2717 accepit
1448 2670 1664 2706 occasionem
1732 2669 1780 2704 de

1071 2730 1239 2765 Zacharia
1274 2729 1289 2765 1
1323 2730 1400 2772 289,
1435 2731 1488 2766 11.
1522 2729 1588 2765 hoc
1621 2728 1776 2764 breuiter

1070 2789 1222 2835 accipiat
1258 2789 1272 2824 1
1309 2791 1384 2831 114,
1431 2789 1483 2825 17.
1519 2788 1563 2824 de
1604 2798 1676 2823 non
1718 2797 1777 2822 ac-

1071 2848 1230 2894 cipiendo
1263 2848 1403 2884 nomine
1435 2847 1491 2884 dei
1521 2847 1559 2883 in
1591 2856 1723 2882 uanum
1758 2845 1777 2881 1
