2028 3204
752 189 842 226 liber
871 188 906 225 11
940 189 995 231 13,
1024 189 1169 231 18—14,
1202 188 1245 224 20
1704 176 1784 218 355

215 318 359 374 utique
386 322 607 371 negaretur
632 328 741 366 earo,
770 328 897 372 quam
925 315 977 357 de
1004 314 1073 356 illo
1101 319 1311 356 exemtam
1341 313 1464 356 fuisse
1493 313 1735 362 constabat;
1765 327 1789 355 a

215 389 333 439 parte
360 383 469 425 onim
496 387 635 425 totum
662 382 770 424 sieut
797 381 925 424 etiam
951 394 978 423 a
1002 385 1096 422 toto
1125 386 1286 435 partem
1315 379 1558 434 plerumque
1585 379 1790 434 scriptura

215 449 433 504 signifieat.
484 461 581 491 nam
631 452 741 490 certe
782 447 816 489 si
858 460 940 489 non
991 446 1055 488 ‘ex
1095 459 1180 488 uno
1221 444 1435 499 sanguine‘
1478 445 1547 486 sed
1604 445 1667 486 ‘ex
1711 458 1792 486 uno

215 514 392 557 homine‘
420 513 488 556 illo
515 513 602 556 loeo
632 513 834 569 seriptum
864 516 971 554 esset
1002 511 1244 554 institutum
1276 524 1362 553 esse
1389 524 1518 565 genus
1548 510 1791 559 humanum,

169 593 187 621 5
218 580 327 623 unde
350 580 428 622 iste
451 578 645 622 adhibuit
668 577 968 627 testimonium,
993 591 1076 620 non
1101 577 1403 632 praeiudicaret
1428 576 1518 618 istis
1542 576 1613 631 qui
1639 582 1793 630 negant

216 645 449 689 animarum
473 644 756 700 propaginem,
781 643 973 699 quamuis
997 656 1079 685 non
1103 642 1192 685 sola
1215 643 1355 685 anima
1380 656 1453 684 neo
1476 641 1564 683 sola
1587 654 1695 691 earo,
1721 641 1791 683 sed

217 717 440 766 utrumque
468 710 523 752 sit
551 711 688 753 homo.
734 709 1029 765 responderent
1058 709 1168 750 enim
1199 722 1222 751 a
1251 714 1342 750 toto
1371 713 1548 763 partem,
1580 706 1619 749 id
1650 713 1712 748 est
1741 706 1794 749 ab

217 776 383 819 homine
407 775 538 818 solam
562 775 740 818 hominis
764 788 944 825 earnem,
968 774 1218 829 scripturam
1242 773 1475 829 significare
1500 773 1696 828 potuisse.
1737 772 1795 814 sie

218 855 313 893 ergo
338 848 379 884 et
401 842 443 884 hi
468 842 538 896 qui
562 841 794 884 defendunt
819 841 1052 883 animarum
1077 839 1346 895 propaginem
1373 839 1473 881 illud
1499 839 1608 893 quod
1635 838 1794 880 dietum

150 919 190 948 to
218 910 294 950 est‘
321 921 371 949 ex
402 921 484 950 uno
517 905 731 962 sanguine‘
780 919 854 962 per
895 906 1141 961 sanguinem
1181 905 1337 947 scilieet
1381 904 1604 954 hominem,
1647 904 1687 945 id
1733 909 1795 945 est

218 987 242 1016 a
271 979 390 1028 parte
420 978 572 1023 totum,
605 972 886 1025 significatum
917 985 1004 1014 esse
1033 971 1307 1014 contendunt.
1349 971 1456 1012 sieut
1486 970 1595 1011 enini
1628 969 1796 1012 uidetur

219 1038 307 1081 illos
353 1039 496 1081 iuuare
542 1039 653 1093 quod
697 1038 857 1080 dictum
905 1042 967 1079 est
1014 1038 1077 1079 ‘ex
1122 1049 1206 1079 uno
1255 1036 1469 1090 sanguine‘
1517 1050 1590 1077 nee
1635 1035 1794 1077 dietum

218 1110 281 1146 est
314 1104 378 1146 ‘ex
409 1118 491 1146 uno
518 1104 712 1154 homine‘,
745 1104 801 1145 sie
832 1103 999 1146 uidetur
1030 1108 1071 1144 et
1102 1103 1202 1144 istos
1226 1103 1369 1145 iuuare
1393 1102 1503 1157 quod
1529 1102 1688 1143 dictum
1713 1106 1794 1142 est:

220 1182 322 1224 per
383 1183 558 1212 unum
631 1169 929 1211 hominem
1002 1173 1328 1224 peecatum
1395 1166 1676 1209 intrauit
1740 1165 1795 1208 in

152 1247 188 1275 ιε,
220 1235 497 1278 mundnm
566 1239 624 1278 et
688 1248 790 1290 per
854 1239 1181 1289 peceatum
1252 1246 1407 1275 mors
1477 1233 1680 1274 etita
1739 1232 1797 1274 in

217 1314 422 1344 omnes
490 1301 770 1343 homines
829 1299 1232 1355 pertransiit,
1297 1299 1353 1341 in
1417 1312 1530 1353 quo
1595 1310 1796 1340 omnes

222 1379 249 1422 p
265 1381 287 1409 e
304 1379 326 1408 o
343 1379 365 1408 o
383 1380 408 1408 a
425 1379 450 1408 u
469 1381 490 1408 e
508 1379 527 1407 r
544 1380 569 1408 u
588 1380 614 1408 n
634 1371 664 1413 t,
730 1380 804 1408 nee
865 1366 1024 1408 dietum
1097 1371 1158 1407 est
1225 1366 1276 1407 ‘in
1343 1379 1425 1420 quo
1469 1365 1653 1407 omnium
1702 1377 1795 1406 earo

220 1433 435 1487 peccauit&
470 1433 654 1487 itemque
690 1432 797 1475 sieut
833 1431 923 1474 illos
960 1433 1127 1474 uidetur
1162 1432 1304 1473 iuuare
1341 1431 1451 1486 quod
1501 1431 1661 1473 dictum
1713 1434 1794 1471 est:

218 1498 324 1540 hoc
366 1511 521 1540 nunc
563 1511 620 1539 os
666 1510 733 1539 ex
774 1497 1021 1539 essibus
1063 1496 1211 1538 meis
1252 1500 1310 1537 et
1341 1508 1482 1538 caro
1515 1495 1582 1538 de
1613 1507 1796 1537 earne

147 1575 191 1605 zo
219 1576 354 1613 mea,
397 1564 495 1619 quia
536 1577 630 1619 pars
673 1568 735 1605 est
779 1563 905 1613 dicta,
949 1577 1030 1605 non
1074 1568 1226 1613 totum,
1261 1563 1317 1603 sie
1351 1562 1501 1604 iterum
1535 1562 1648 1607 istos,
1685 1562 1793 1616 quod

219 1629 273 1671 ibi
311 1629 508 1672 continuo
544 1629 750 1684 sequitur:
798 1627 947 1671 haec
990 1626 1333 1670 uocabitur
1385 1625 1622 1677 mulier,
1665 1639 1797 1681 quo-

219 1693 378 1737 niam
421 1694 489 1737 de
535 1693 668 1737 uiro
709 1707 812 1736 suo
854 1698 1057 1736 sumta
1099 1698 1205 1736 est.
1241 1694 1387 1735 debuit
1424 1693 1533 1735 enim
1566 1693 1647 1735 dici
1679 1693 1796 1735 aiunt

222 1760 431 1815 ‘quoniam
484 1761 535 1803 de
587 1760 675 1803 uiro
730 1773 804 1802 suo
853 1773 947 1802 earo
1005 1760 1091 1802 eius
1151 1765 1293 1802 sumta
1341 1760 1431 1810 est‘‚
1487 1759 1520 1800 si
1576 1772 1658 1800 non
1705 1763 1797 1800 tota

215 1825 372 1877 mulier,
422 1826 460 1868 id
510 1831 573 1868 est
623 1839 717 1868 cum
765 1825 916 1871 anima.
959 1826 1030 1867 sed
1081 1825 1169 1867 sola
1209 1837 1304 1867 caro
1338 1829 1572 1867 sumeretur
1605 1838 1656 1865 ex
1691 1824 1794 1866 uiro.

148 1903 189 1932 25
219 1904 339 1946 porro
383 1897 523 1934 autem
566 1891 752 1946 utrisque
795 1891 948 1933 auditis
991 1891 1062 1946 qui
1100 1891 1187 1932 sine
1226 1890 1364 1932 studio
1403 1890 1586 1945 partium
1624 1889 1794 1933 iudicat.

220 1956 333 1999 uidet
385 1957 572 2012 profecto
624 1970 698 1999 nec
748 1961 894 1998 contra
944 1956 1044 1998 istos
1112 1956 1183 2010 qui
1234 1955 1503 2010 propaginem
1563 1955 1796 1997 animarum

219 2022 449 2064 defendunt
487 2022 733 2077 proferenda
769 2021 840 2063 illa
880 2021 1122 2063 testimonia
1160 2020 1230 2063 ubi
1267 2034 1362 2076 pars
1410 2020 1663 2069 nominatur,
1701 2020 1798 2074 quia

220 2087 358 2142 potuit
423 2088 630 2143 scriptura
696 2086 929 2142 significare
985 2086 1067 2128 illic
1123 2100 1147 2129 a
1189 2091 1309 2141 parte
1375 2091 1515 2128 totum
1573 2110 1624 2115 —
1689 2086 1797 2127 sicut

221 2152 469 2195 uerbum
518 2165 658 2195 earo
704 2152 939 2194 factum
991 2156 1085 2195 est
1135 2165 1230 2194 oum
1281 2151 1468 2207 legimus,
1522 2165 1603 2193 non
1650 2151 1795 2206 utique

149 2228 192 2258 ao
219 2231 383 2261 earnem
401 2218 544 2269 solam,
563 2219 634 2260 sed
653 2218 864 2260 hominem
881 2223 1021 2260 totum
1038 2217 1314 2273 intellegimus
1334 2242 1396 2267 —‚
1426 2231 1500 2259 nee
1530 2222 1678 2259 eontra
1708 2216 1798 2258 illos

220 2284 291 2339 qui
314 2284 582 2340 propaginem
607 2284 841 2326 animarum
864 2283 1087 2326 destruunt
1110 2283 1192 2325 ista
1215 2283 1475 2338 proferenda,
1501 2282 1573 2325 ubi
1597 2296 1678 2324 non
1704 2295 1798 2337 pars

220 2349 410 2401 hominiS‚
432 2350 503 2392 sed
525 2355 665 2392 totum
687 2354 1049 2400 commemoratur,
1073 2349 1172 2404 quia
1192 2349 1332 2404 potuit
1356 2348 1411 2390 ibi
1434 2348 1639 2403 scriptura
1662 2362 1686 2390 a
1707 2354 1798 2389 toto

219 2420 382 2469 partem
407 2415 652 2471 significare,
680 2415 787 2458 sicut
813 2413 1025 2470 sepultum
1051 2414 1302 2457 confitemur
1329 2414 1552 2462 Christum,
1582 2427 1674 2455 eum
1703 2426 1798 2454 caro

318 2545 359 2580 14
376 2544 479 2580 Rom.
495 2545 529 2587 5,
546 2546 588 2581 12
679 2544 722 2580 19
741 2544 828 2581 Gen.
846 2545 878 2587 2,
893 2545 938 2581 23
1028 2545 1067 2580 21
1087 2544 1174 2581 Gen.
1193 2545 1224 2587 2,
1241 2545 1283 2579 24
1376 2543 1419 2580 29
1439 2543 1515 2579 Ioh.
1534 2544 1564 2585 1,
1584 2544 1625 2578 14

314 2629 331 2663 1
347 2631 499 2674 negatur
509 2627 542 2664 Ε
613 2627 794 2664 exemtaC'
813 2630 955 2663 exetam
967 2627 1001 2663 D
1017 2628 1222 2674 exeptamG
1293 2631 1416 2673 aperte
1427 2626 1456 2662 0
1519 2626 1540 2661 2
1557 2625 1603 2660 ad
1619 2628 1755 2670 partem
1768 2624 1799 2658 E

222 2686 439 2723 scribmroA
522 2687 542 2723 7
559 2687 605 2723 ad
621 2691 759 2734 partem
771 2687 802 2723 E
895 2687 916 2723 9
933 2685 983 2734 hii
994 2686 1024 2723 G
1044 2687 1096 2723 hii
1111 2687 1142 2722 E
1161 2686 1187 2722 ii
1201 2687 1224 2722 d
1325 2688 1361 2722 11
1383 2685 1484 2721 uidet
1495 2685 1524 2719 C
1607 2684 1650 2720 18
1665 2684 1749 2718 item
1762 2681 1792 2716 F

218 2746 263 2783 20
284 2746 389 2793 quiA
518 2746 562 2784 22
585 2750 732 2794 sumpta
751 2747 845 2783 codd.
870 2747 1020 2792 prodii
1136 2746 1239 2782 aiunt
1262 2756 1326 2781 om.
1340 2745 1370 2780 Ε
1486 2745 1529 2780 28
1556 2742 1608 2778 illi
1625 2745 1766 2789 caperte
1780 2743 1809 2777 A

223 2805 269 2842 32
285 2799 571 2843 morah-..c
673 2807 722 2843 33
738 2817 819 2843 cum
836 2806 889 2843 bis
900 2817 982 2852 pon.
994 2806 1024 2842 0
1126 2805 1202 2842 eius
1219 2815 1300 2840 earo
1317 2805 1359 2840 bd

1660 2872 1725 2909 230
