1976 3210
222 228 299 270 112
608 238 635 273 Ι.
662 238 713 272 De
739 241 964 284 peccatorum
987 237 1121 273 meritis
1143 241 1182 273 et
1204 237 1404 273 remissione

217 363 440 404 decimatio
452 363 548 404 talis
559 376 621 403 res
635 366 736 411 erat,
747 375 852 416 quae
865 363 908 404 in
919 375 1170 417 unoquoque
1181 363 1348 405 homine
1359 376 1480 418 saepe
1492 363 1628 406 fuerat
1640 363 1791 407 facien·

217 429 284 478 da,
294 429 401 470 sicut
412 428 651 470 Israhelitae
660 427 778 469 annis
788 427 992 477 omnibus,
1002 428 1130 470 immo
1139 441 1189 469 ex
1198 428 1401 470 fructibus
1410 429 1601 471 omnibus
1610 429 1791 472 decimas

217 499 310 535 tota
329 494 419 535 uita
436 507 512 535 sua
530 493 693 535 crebras
712 493 846 535 solent
865 493 1060 548 praebere
1080 493 1250 543 Leuitis,
1272 493 1528 548 baptismum
1548 499 1688 536 autem
1708 495 1791 537 tale

217 563 524 601 sacramentum
540 572 638 609 csse,
656 559 767 613 quod
783 559 908 600 semel
922 559 1048 601 datur
1063 563 1116 608 et,
1133 559 1167 600 si
1181 559 1263 600 iam
1278 559 1357 601 hoc
1371 564 1586 614 acceperat
1601 560 1789 614 quisque,

217 638 311 666 cum
331 624 373 665 in
393 628 511 679 patre
531 637 604 665 suo
625 628 744 674 esset,
757 637 839 666 non
853 624 931 665 nisi
946 623 1207 678 baptizatum
1227 624 1351 666 fuisse
1370 625 1674 679 deputandum.
1696 639 1790 667 cum

217 690 268 731 (lc
294 690 362 731 illo
382 689 452 744 qui
475 689 714 744 baptizatus
736 689 873 731 fuerat
891 689 1144 743 gigneretur:
1170 689 1240 744 qui
1262 690 1340 731 hoc
1359 690 1474 739 dicit,
1490 704 1540 732 ne
1563 690 1635 733 diu
1649 690 1791 746 dispu-

217 760 316 804 tem,
336 755 690 796 circumcisionem
707 755 915 809 respiciat,
934 768 1040 809 quac
1057 755 1182 797 semel
1199 755 1329 797 fiebat
1345 760 1388 797 et
1405 760 1546 797 tamen
1563 756 1605 797 in
1622 756 1791 810 singulis

217 820 458 875 singulatim
476 820 619 862 fiebat.
654 820 761 862 sicut
778 834 872 874 ergo
890 825 1076 874 tempore
1092 820 1200 862 illius
1218 821 1466 862 sacramenti
1483 821 1534 863 de
1551 821 1790 863 circumciso

218 886 288 940 qui
310 890 546 927 nasceretur
566 886 926 928 circumcidendus
948 885 1041 936 suit,
1063 885 1120 927 sic
1140 899 1250 927 nunc
1270 886 1321 928 de
1342 886 1556 941 baptizato
1577 887 1647 941 qui
1668 891 1791 928 natus

217 951 342 992 fuerit
371 951 649 1006 baptizandus
679 955 752 992 est.

270 1018 332 1058 41.
367 1017 422 1058 At
454 1017 560 1058 em'm
602 1017 658 1058 ait
698 1015 914 1069 apostolus:
957 1015 1079 1069 filii
1117 1017 1286 1058 uestri
1323 1016 1568 1059 inmundi
1608 1021 1788 1066 essent,

216 1095 352 1123 nunc
384 1086 550 1124 autem
581 1082 758 1124 sancti
788 1085 936 1134 sunt,·
966 1085 1000 1122 et.
1025 1081 1124 1131 ideo,
1151 1082 1360 1136 inquiunt,
1387 1081 1572 1135 fidelium
1597 1082 1682 1134 filii
1708 1082 1790 1123 iam

221 1147 417 1200 baptizari
439 1147 606 1188 minime
628 1147 853 1189 debuerunt.
893 1146 1019 1188 miror
1041 1147 1119 1189 hoc
1142 1147 1276 1189 dicere
1301 1147 1372 1201 qui
1395 1152 1548 1201 negant
1572 1153 1789 1202 peccatum

216 1226 266 1253 cx
287 1213 423 1254 Adam
443 1212 696 1267 originaliter
714 1212 837 1254 trahi.
873 1212 907 1253 si
927 1212 1037 1253 enim
1055 1213 1163 1254 hanc
1182 1213 1360 1267 apostoli
1378 1213 1627 1254 sententiam
1648 1213 1704 1254 sic
1725 1226 1790 1254 ac-

215 1278 388 1332 cipiunt,
405 1283 452 1319 ut
467 1278 641 1320 credant
655 1278 706 1320 de
721 1277 916 1320 fidelibus
931 1278 1214 1319 sanctificatos
1230 1278 1336 1319 filios
1351 1278 1476 1328 nasci,
1493 1291 1564 1320 cur
1579 1292 1646 1319 eos
1662 1278 1789 1319 etiam

214 1343 294 1398 ipsi
312 1343 516 1398 baptizari
533 1348 721 1398 oportere
732 1356 815 1384 non
826 1343 1050 1385 dubitant?
1069 1356 1141 1385 cur
1157 1343 1335 1397 denique
1346 1343 1493 1385 nolunt
1511 1344 1633 1386 lateri
1649 1344 1700 1385 de
1719 1356 1790 1398 pa-

213 1414 330 1450 rente
362 1413 576 1463 peccatore
608 1409 777 1463 aliquod
808 1413 1026 1463 peccatum
1058 1408 1311 1462 originaliter
1342 1409 1464 1458 trahi,
1497 1409 1531 1450 si
1561 1409 1613 1451 de
1644 1414 1788 1450 sancto

215 1474 355 1528 aliqua
374 1474 575 1516 sanctitas
595 1473 801 1516 trahitur?
839 1478 881 1515 et
901 1478 1047 1516 contra
1066 1478 1249 1516 nostram
1274 1474 1443 1529 quidem
1464 1487 1547 1515 non
1568 1479 1630 1515 est
1650 1474 1789 1516 adser-

214 1539 383 1589 tionem,
409 1539 572 1581 etiamsi
595 1553 647 1581 ex
670 1539 865 1581 fidelibus
889 1540 1022 1581 sancti
1046 1545 1342 1594 propagantur,
1369 1540 1480 1594 quod
1504 1553 1571 1581 eos
1596 1539 1786 1588 dicimus,

214 1605 247 1646 si
269 1618 351 1646 non
375 1605 654 1659 baptizantur,
678 1617 843 1659 pergere
864 1604 907 1645 in
928 1605 1255 1650 damnationem.
1279 1605 1429 1659 quibus
1452 1610 1493 1646 ct
1514 1605 1594 1659 ipsi
1615 1618 1787 1658 regnum

215 1670 421 1711 caelorum
449 1670 748 1720 intercludunt,
780 1670 972 1724 quamuis
1001 1683 1069 1711 eos
1098 1670 1241 1712 dicant
1269 1683 1350 1711 non
1382 1670 1533 1712 habere
1562 1669 1691 1711 ullum
1723 1669 1787 1711 uel

214 1735 426 1790 proprium
455 1735 518 1776 uel
546 1735 741 1790 originale
770 1740 998 1789 peceatum.
1043 1740 1116 1777 aut
1143 1736 1177 1777 si
1202 1735 1260 1777 eis
1287 1735 1505 1790 indignum
1532 1735 1711 1783 uidetur,
1741 1740 1788 1776 ut

215 1801 624 1851 sanctidamnentur,
649 1800 857 1855 quomodo
882 1801 958 1842 erit
982 1800 1168 1855 dignum,
1183 1807 1402 1855 utaregno
1426 1801 1492 1842 dei
1515 1800 1648 1842 sancti
1670 1813 1788 1854 sepa-

214 1866 382 1907 rentur?
399 1866 500 1907 illud
516 1866 654 1920 potius
666 1866 915 1916 adtendant,
938 1866 1147 1920 quomodo
1176 1879 1259 1908 non
1274 1866 1326 1908 de
1342 1866 1626 1920 peccatoribus
1643 1878 1788 1920 paren-

214 1931 327 1972 tibus
346 1931 538 1973 trahatur
555 1931 723 1986 aliquod
742 1936 972 1985 peccatum,
992 1931 1026 1973 si
1043 1931 1094 1973 dc
1111 1931 1266 1973 sanctis
1284 1931 1424 1986 aliqua
1440 1930 1641 1973 sanctitas
1659 1930 1788 1972 trahi-

213 2001 283 2038 tur
299 2002 340 2038 et
356 1996 612 2038 inmunditia
627 1997 678 2038 de
694 1997 919 2038 inmundis.
952 2001 1175 2051 utrumque
1192 1997 1301 2038 enim
1317 1997 1426 2038 dixit
1442 1997 1513 2051 qui
1528 1996 1654 2038 dixit:
1673 1995 1788 2037 alio-

215 2061 340 2116 quin
359 2061 457 2103 filii
480 2061 636 2103 uestri
656 2062 893 2103 inmundi
913 2066 1094 2112 essent,
1119 2075 1252 2103 nunc
1273 2066 1443 2103 autem
1464 2061 1630 2103 sancti
1650 2065 1794 2114 sunt„

306 2204 343 2238 11
372 2202 551 2248 Pelagiani
643 2203 657 2237 I
679 2203 754 2238 Cor.
781 2204 812 2244 7,
839 2205 880 2238 14
973 2203 1014 2238 26
1039 2203 1055 2238 Ι
1075 2203 1151 2239 Cor.
1172 2205 1206 2245 7,
1228 2205 1269 2239 14

306 2305 323 2338 1
350 2307 483 2339 reserat
505 2304 523 2338 b
619 2314 724 2349 saepe
744 2315 808 2339 om.
822 2313 839 2337 2
940 2304 1047 2339 fuerit
1063 2304 1148 2340 Gm1
1249 2306 1269 2340 2
1289 2304 1441 2349 israelite
1460 2304 1490 2339 L
1593 2303 1750 2350 frugibus
1769 2313 1788 2338 2

213 2363 235 2399 3
258 2363 381 2398 crebra
403 2363 433 2398 L
534 2363 599 2397 tali
624 2363 712 2398 Vm]
812 2365 832 2398 4
856 2363 1006 2398 datum*
1029 2364 1060 2399 L
1160 2364 1181 2399 5
1205 2374 1279 2398 esse
1305 2363 1425 2399 Vm10
1522 2363 1544 2398 6
1567 2374 1619 2407 pr.
1646 2363 1707 2409 qui
1731 2363 1783 2398 ελ.

213 2422 317 2463 LVG,
331 2422 460 2458 om.PS
562 2424 581 2457 7
613 2422 761 2469 recipiat
791 2422 1003 2458 LSVPGmI
1122 2424 1144 2458 8
1164 2422 1370 2469 singillatim
1388 2422 1586 2458 Gnaechd
1697 2427 1786 2457 tem-

213 2491 319 2528 porae
337 2482 367 2516 V
382 2482 417 2517 in
434 2485 592 2528 tempore
609 2483 642 2517 A
717 2482 933 2517 circumcisio
951 2482 1039 2518 Vm1
1115 2483 1136 2518 9
1150 2486 1315 2518 nascetur
1329 2483 1362 2518 A
1439 2484 1478 2518 11
1495 2482 1548 2518 ait
1560 2484 1620 2517 eni
1632 2485 1651 2517 ὂ
1665 2481 1741 2529 upls
1757 2481 1789 2516 L

212 2544 252 2576 at
267 2541 362 2576 enim
379 2545 398 2577 ὓ
414 2541 491 2588 apis
504 2541 532 2575 S
546 2543 586 2576 at
600 2540 694 2577 enim
714 2545 732 2576 e
745 2541 895 2587 amphus
909 2542 989 2577 Vat
1003 2541 1098 2577 enim
1112 2541 1188 2587 apls
1202 2542 1233 2576 P
1250 2541 1302 2577 ait
1326 2541 1355 2588 (i
1367 2542 1495 2587 s.c.m2)
1504 2541 1598 2577 enim
1613 2554 1677 2574 *u
1701 2552 1786 2588 apo·

211 2600 325 2636 stolus
331 2601 359 2636 G
366 2601 417 2636 ait
425 2600 500 2647 apis
516 2600 634 2646 inquit
641 2601 674 2636 A
682 2600 732 2635 At
739 2601 833 2636 enim
840 2612 897 2647 ap.
906 2601 959 2637 ait
965 2602 988 2636 d
1056 2600 1252 2647 apostolus]
1259 2601 1335 2637 add.
1345 2600 1392 2636 ali
1398 2600 1675 2647 squin3.1.LG,in
1680 2601 1782 2647 m3.A

214 2661 257 2696 16
270 2653 295 2693 fi
306 2660 480 2706 baptizari
491 2661 579 2696 Gm2
624 2660 843 2696 dubitabant
855 2661 891 2696 K
938 2662 979 2697 17
990 2660 1129 2707 aliquot
1139 2661 1233 2697 Km1
1279 2661 1387 2697 trahii
1400 2660 1464 2697 SV
1509 2661 1552 2697 23
1563 2659 1740 2706 dapentur
1749 2660 1784 2695 A

212 2719 294 2765 erit]
319 2723 374 2754 est
398 2718 501 2755 chd
621 2723 662 2755 ut
685 2719 799 2755 s.l.m2
821 2720 850 2756 S
872 2723 938 2756 aut
964 2720 995 2755 V
1122 2721 1166 2756 24
1188 2723 1226 2755 et
1249 2719 1335 2756 illud
1361 2720 1380 2755 ὁ
1505 2718 1706 2756 adtendunt
1721 2718 1785 2756 SV

212 2779 400 2814 trahentur
445 2778 651 2824 parentibus
703 2779 792 2815 Vm1
958 2780 1000 2816 26
1046 2790 1117 2815 non
1161 2778 1392 2815 immundicia
1429 2778 1448 2814 b
1477 2777 1664 2815 inmundis
1696 2778 1784 2815 Vm1

213 2841 402 2885 utramque
418 2838 504 2874 Lm]
1496 2842 1499 2844 ’

1818 963 1857 992 10

1820 1289 1857 1318 15

1815 1615 1857 1645 20

1814 1942 1855 1971 25
