2028 3204
226 214 311 257 396
663 226 720 262 IV.
754 226 807 262 De
834 230 963 262 natura
993 229 1031 263 et
1061 226 1198 274 origine
1230 227 1370 264 animae

226 364 386 394 uenena
409 351 507 394 fidei
530 351 608 394 nisi
630 351 763 394 dicere
787 352 990 403 timerem,
1014 352 1189 396 fortasse
1211 353 1262 396 de
1284 353 1364 396 hac
1385 366 1428 396 re
1449 353 1623 397 definire
1645 354 1801 411 aliquid

225 429 310 459 non
329 417 531 460 timerem.
569 423 727 472 quanto
747 417 892 461 meliu's
912 417 1040 474 igitur
1057 431 1142 461 non
1159 418 1386 474 separatim
1404 419 1456 462 de
1474 419 1616 462 anima
1632 420 1802 476 disputo

225 486 268 525 et
305 482 471 525 affirmo
511 483 621 538 quod
661 483 811 534 nescio,
850 484 921 526 sed
960 484 1071 539 quod
1109 484 1368 540 apertissime
1406 485 1643 540 apostolum
1681 485 1802 529 uideo

225 548 413 590 docuisse
447 548 690 603 simpliciter
721 553 842 591 teneo
875 562 928 591 ex
960 563 1042 592 uno
1075 549 1242 592 homine
1276 563 1418 593 omnes
1450 550 1637 594 homines
1671 551 1728 594 irc
1760 551 1804 594 in

226 613 616 656 condemnationem
647 614 718 670 qui
746 619 976 657 nascuntur
1003 628 1056 658 ex
1084 614 1234 666 Adam,
1264 615 1343 657 nisi
1372 615 1433 658 ita
1461 622 1733 659 renascantur
1759 615 1803 659 in

226 679 402 730 Christo,
421 679 529 722 sicut
545 679 730 722 instituit
746 685 794 722 ut
809 685 1093 731 renascantur,
1126 685 1355 736 antequam
1373 694 1541 736 corpore
1556 682 1801 733 moriantur,

227 758 330 799 quos
361 745 691 800 praedestinauit
719 746 774 787 ad
804 750 1018 789 aeternam
1049 745 1183 789 uitam
1212 746 1616 790 misericordissimus
1645 747 1803 804 gratiae

225 810 408 865 largitor,
442 811 512 866 qui
540 815 603 853 est
632 816 674 853 et
703 811 780 853 illis
811 824 913 866 quos
942 811 1273 866 praedestinauit
1301 812 1354 854 ad
1385 817 1598 855 aeternam
1625 818 1803 856 mortem

226 875 475 919 iustissimus
495 876 687 932 supplicii
707 877 935 919 retributor
953 890 1038 919 non
1057 877 1190 920 solum
1211 883 1382 932 propter
1401 878 1471 920 illa
1491 891 1597 933 quae
1617 879 1803 922 uolentes

225 941 425 992 adiciunt,
454 955 599 984 uerum
625 942 766 993 etiam,
794 942 827 984 si
853 942 1033 985 infantes
1060 942 1162 985 nihil
1186 942 1384 994 adiciant,
1412 948 1583 999 propter
1608 944 1802 1000 originale

225 1012 457 1063 peccatum.
506 1008 608 1050 haec
641 1012 704 1049 est
736 1008 780 1050 in
810 1008 889 1050 hac
923 1009 1164 1063 quaestione
1197 1008 1387 1051 definitio
1419 1023 1526 1060 mea,
1560 1014 1608 1052 ut
1641 1010 1804 1053 occulta

227 1087 351 1129 opera
380 1073 447 1115 dei
474 1073 658 1116 habeant
688 1087 810 1116 suum
839 1078 1044 1117 secretum
1072 1074 1189 1117 salua
1218 1075 1301 1117 fide
1330 1088 1436 1118 mea.

332 1138 433 1181 XII.
462 1139 523 1180 17.
551 1139 670 1181 Nunc
693 1139 790 1190 iam,
816 1145 1022 1195 quantum
1045 1139 1238 1183 dominus
1262 1140 1417 1182 donare
1441 1140 1650 1196 dignatur,
1674 1141 1802 1183 etiam

225 1205 279 1247 ad
314 1204 414 1246 illud
449 1204 579 1246 debeo
613 1205 872 1260 respondere,
908 1206 980 1248 ubi
1013 1206 1064 1248 de
1097 1206 1238 1248 anima
1270 1206 1444 1262 loquens
1478 1219 1618 1249 meum
1652 1218 1804 1249 nomen

226 1269 387 1312 iterasti
427 1274 554 1325 atque
595 1270 758 1313 dixisti:
814 1283 896 1312 ‘nort
935 1271 1055 1322 enim,
1096 1271 1200 1313 sieut
1238 1271 1494 1326 Auqustinus
1535 1271 1804 1325 peritissimus

227 1336 438 1389 episeopus
474 1335 694 1388 profitetur,
731 1336 1006 1389 incorpoream
1039 1340 1074 1379 et
1107 1335 1272 1379 eandem
1304 1337 1497 1390 spiritum
1530 1350 1611 1380 esse
1645 1338 1805 1390 permit-

227 1402 361 1443 timus.
412 1400 523 1456 prius
558 1401 699 1457 itaque
733 1406 875 1445 utrum
909 1402 1048 1446 anima
1081 1402 1334 1457 incorporea,
1370 1403 1477 1445 sicut
1509 1416 1583 1458 ego
1616 1403 1715 1454 dixi,
1750 1416 1804 1446 an

227 1480 436 1522 corporea,
459 1466 565 1508 sicut
587 1472 647 1518 tu,
670 1467 949 1511 existimanda
969 1468 1024 1510 sit
1043 1468 1324 1523 disputemus;
1345 1468 1493 1511 deinde
1514 1473 1656 1512 utrum
1676 1469 1804 1512 etiam

227 1533 317 1588 ipsa-
346 1533 574 1574 secundum
603 1533 828 1588 scripturas
857 1539 1020 1577 nostras
1049 1533 1215 1577 dicatur
1242 1533 1424 1590 spiritus,
1456 1533 1648 1590 quamuis
1677 1534 1804 1578 etiam

227 1598 390 1654 proprie
428 1598 597 1653 spiritus
635 1604 901 1655 nuncupetur
936 1612 1020 1641 non
1056 1600 1262 1651 uniuersa,
1301 1602 1371 1643 sed
1409 1599 1566 1656 aliquid
1604 1599 1702 1643 eius.
1755 1614 1803 1643 ac

227 1664 409 1719 primum
424 1664 525 1706 scire
541 1664 689 1706 uellem
705 1678 852 1720 eorpus
869 1665 968 1720 quid
984 1678 1070 1707 esse
1086 1665 1274 1708 definias.
1306 1665 1464 1709 sienim
1481 1679 1564 1709 non
1578 1671 1641 1709 est
1656 1679 1803 1721 corpus

227 1729 305 1771 nisi
339 1729 449 1786 quod
482 1730 677 1788 membris
711 1730 944 1773 carnalibus
977 1734 1155 1782 constat,
1190 1744 1264 1774 nec
1296 1736 1406 1774 terra
1438 1731 1516 1774 erit
1549 1745 1696 1787 corpus
1729 1744 1803 1774 nec

227 1796 387 1838 caelum
409 1807 484 1837 nec
514 1795 618 1850 lapis
641 1809 715 1837 nec
737 1809 846 1851 aqua
869 1810 943 1839 nec
964 1795 1099 1840 sidera
1119 1809 1195 1839 nec
1216 1797 1250 1839 si
1273 1797 1370 1852 quid
1394 1797 1633 1840 huiusmodi
1654 1801 1737 1847 est;
1768 1797 1802 1839 si

227 1866 370 1904 autem
403 1875 550 1917 corpus
583 1866 645 1904 est
679 1862 875 1917 quicquid
907 1862 1133 1906 maioribus
1165 1868 1207 1905 et
1238 1862 1466 1905 minoribus
1498 1862 1582 1906 suis
1614 1861 1802 1918 partibus

226 1927 385 1970 maiora
422 1932 463 1970 et
499 1927 659 1970 minora
697 1928 834 1983 spatia
869 1928 1053 1971 locorum
1091 1927 1377 1972 obtinentibus
1414 1933 1593 1979 constat,
1631 1940 1803 1983 corpora

227 1999 326 2036 sunt
338 1993 465 2036 etiam
478 1992 558 2035 ista
572 2007 677 2049 quae
690 1994 1031 2036 commemoraui:
1055 2007 1203 2050 corpus
1215 1999 1276 2037 est
1295 1996 1543 2049 aer‚'corpus
1560 1994 1623 2037 est
1638 1993 1713 2036 lux
1721 1992 1803 2036 ista

228 2059 401 2101 uisibilis
424 2064 466 2102 et
489 2058 640 2108 omnia,
674 2059 781 2102 sicut
813 2059 914 2102 dicit
943 2060 1173 2116 apostoluS‚
1205 2074 1225 2102 c
1243 2074 1265 2102 o
1283 2073 1304 2102 r
1319 2074 1346 2116 p
1364 2074 1386 2103 0
1404 2073 1424 2101 r
1439 2073 1465 2102 a
1493 2073 1515 2102 c
1531 2073 1556 2102 a
1572 2073 1593 2102 e
1609 2058 1624 2101 l
1639 2073 1661 2102 e
1678 2072 1696 2101 s
1713 2063 1733 2101 t
1749 2058 1762 2101 i
1778 2073 1804 2102 a

229 2130 286 2167 et
331 2137 590 2180 corpora
635 2125 990 2168 terrestria.

330 2220 350 2253 4
367 2218 410 2253 cf.
430 2218 530 2254 Rom.
548 2219 578 2261 5,
600 2219 641 2253 18
737 2218 758 2253 5
776 2219 818 2255 cf.
840 2219 913 2256 Ioh.
932 2220 962 2263 3,
981 2220 1003 2254 3
1105 2219 1146 2255 15
1164 2219 1264 2255 Vinc.
1276 2219 1399 2254 Victor
1498 2218 1540 2253 27
1559 2218 1576 2253 Ι
1593 2218 1667 2255 cor.
1688 2218 1739 2261 15,
1758 2218 1801 2253 40

333 2291 348 2323 1
369 2289 530 2324 timerem
547 2289 659 2324 dicere
671 2289 689 2323 b
774 2289 933 2326 diffinire
943 2291 975 2325 E
1068 2293 1087 2326 4
1104 2290 1234 2326 dixisse
1245 2291 1277 2326 Ε
1365 2290 1387 2325 5
1404 2289 1755 2325 condemnationem
1766 2288 1803 2323 H

230 2348 251 2383 6
263 2347 368 2384 sicuti
379 2349 555 2384 ABCde
622 2348 763 2384 institui
777 2349 859 2385 BC]
920 2350 958 2385 in
969 2360 1109 2395 corpore
1122 2350 1140 2384 b
1200 2351 1221 2386 8
1233 2348 1504 2395 praedistinauit
1513 2349 1580 2385 CH
1637 2348 1802 2396 mortem]

230 2407 343 2442 uitam
365 2407 396 2441 B
470 2408 490 2442 9
516 2407 674 2444 nolentes
697 2407 777 2444 ΒΟ]
862 2410 902 2444 10
927 2410 986 2445 alt.
1014 2409 1157 2445 adicent
1176 2410 1210 2445 A
1234 2410 1267 2454 (e
1293 2410 1333 2444 in
1357 2408 1368 2443 i
1393 2411 1475 2444 mut.
1503 2410 1533 2444 et
1557 2420 1578 2443 a
1603 2419 1629 2443 ε.
1658 2418 1683 2443 n
1705 2407 1801 2453 aad.)

229 2467 386 2515 propter]
402 2470 518 2513 preter
537 2467 555 2502 b
629 2469 670 2503 11
687 2468 768 2515 hac]
786 2468 843 2503 illa
855 2469 877 2504 d
945 2467 1118 2504 diffinitio
1128 2468 1180 2504 ΕΙ)
1241 2469 1283 2505 13
1301 2467 1537 2515 dignabitur]
1617 2468 1659 2503 14
1673 2477 1801 2503 nomen

229 2537 346 2562 meum
358 2527 375 2562 b
417 2525 458 2562 15
468 2526 608 2563 iterasci
619 2528 652 2561 A
697 2528 881 2574 agustinus
892 2528 956 2564 AG
1015 2529 1056 2564 17
1069 2540 1115 2564 an
1127 2528 1305 2576 corporea]
1315 2527 1519 2574 incorporea
1529 2527 1558 2563 Ο
1606 2527 1648 2563 18
1657 2526 1750 2563 sicut
1760 2529 1802 2563 tu

230 2585 330 2621 om.B
400 2586 644 2623 exestimanda
654 2587 717 2621 AC
777 2587 1001 2632 disputamus
1012 2588 1046 2623 A
1115 2587 1226 2623 etiam
1242 2591 1362 2623 utrum
1377 2588 1408 2623 T
1485 2586 1658 2622 uorumH
1671 2587 1705 2632 (t
1719 2595 1746 2622 ε.
1763 2582 1801 2631 ὁ)

231 2646 273 2681 19
290 2645 642 2692 quamuis—spiritus
660 2646 756 2682 om.C
810 2647 854 2682 20
863 2645 1044 2683 uniuersas
1055 2647 1083 2683 C
1137 2647 1178 2682 21
1196 2646 1345 2683 uelimE
1374 2645 1562 2682 diffiniasb
1607 2645 1651 2682 23
1665 2655 1757 2692 aque
1768 2646 1802 2681 A

229 2705 258 2740 si
274 2706 375 2741 om.A
429 2704 670 2741 huiuscemodi
680 2706 712 2740 E
779 2705 823 2742 24
840 2705 1016 2753 quidquid
1025 2706 1092 2741 ET
1146 2710 1184 2742 et
1198 2705 1395 2742 minoribus
1411 2705 1568 2742 om,Dm1
1633 2704 1675 2741 25
1689 2714 1750 2741 ma
1763 2708 1802 2740 et

229 2764 366 2800 minora
376 2766 409 2801 A
425 2764 489 2810 (mi
504 2775 530 2801 s.
543 2765 565 2801 z.
581 2765 654 2810 m1)
685 2755 898 2811 optin'atibus
910 2765 941 2800 A
983 2765 1026 2801 26
1042 2765 1147 2801 istam
1159 2766 1192 2801 A
1234 2766 1361 2802 auerA
1399 2767 1454 2801 est
1466 2765 1526 2801 au.
1543 2762 1800 2801 mn.A130H1T

229 2824 271 2858 27
287 2823 476 2860 inuisibilis
486 2824 515 2860 G
557 2823 653 2861 dixit
663 2824 683 2859 l

1832 955 1873 986 10

1832 1283 1872 1312 15

1831 1611 1874 1641 2⁰

1830 1938 1871 1968 25
