2028 3204
315 225 395 267 504
684 234 721 267 V.
757 235 883 269 Contra
916 233 1004 269 duas
1036 234 1205 279 epistulas
1237 234 1508 281 Pelagianorum

314 364 421 403 essct.
452 365 493 401 ct
527 359 624 413 quia
655 371 815 413 corpus,
849 358 959 414 quod
982 358 1271 414 corrumpitur,
1303 359 1506 415 adgrauat
1536 361 1737 406 animam:
1771 377 1799 405 n
1816 377 1839 407 o
1856 377 1883 407 n

314 423 457 482 quia
488 425 597 466 iam
630 423 986 478 acceperim,
1015 424 1088 475 ait,
1122 429 1225 467 aut
1257 424 1371 467 iam
1403 426 1725 481 perfectus
1760 428 1880 482 sim,
1940 475 1944 479 ,

312 492 559 538 fratres,
595 502 696 543 ego
735 502 815 531 me
852 489 1046 544 ipsum
1082 503 1196 532 non
1233 490 1516 534 arbitror
1552 492 1881 549 adprehen-

311 559 337 599 d
355 559 365 601 i
384 574 401 601 s
419 572 435 598 s
454 569 486 598 e.
523 560 565 596 et
600 555 722 609 paulo
757 559 852 609 post
886 560 1039 606 tamen,
1074 554 1145 610 qui
1180 568 1220 597 se
1255 562 1478 611 negauerat
1511 571 1597 600 esse
1632 558 1878 614 perfectum:

311 626 621 677 quotquot
656 632 794 675 ergo
829 620 1112 675 perfecti,
1144 620 1293 676 inquit,
1329 622 1435 664 hoc
1469 622 1795 679 sapiamus,
1831 631 1879 668 ut
1907 639 1923 666 5

310 688 544 732 ostenderet
563 686 788 728 secundum
803 685 921 728 istius
939 685 1049 728 uitae
1066 686 1234 728 modum
1255 699 1340 729 esse
1358 687 1567 743 quandam
1585 689 1878 744 perfectionem

308 756 427 810 cique
444 751 686 808 perfectioni
705 751 782 792 hoc
802 764 964 806 quoque
984 751 1188 807 deputari,
1210 752 1243 794 si
1262 765 1303 794 se
1323 752 1495 809 quisque
1515 754 1677 797 nouerit
1695 756 1878 798 nondum

309 834 394 862 csse
414 817 653 876 perfectum.
675 816 774 872 quid
791 816 901 858 enim
923 817 1190 859 excellentius
1209 817 1251 859 in
1269 819 1399 860 ueteri
1421 819 1574 874 populo
1595 820 1878 865 sacerdotibus

305 885 489 928 sanctis?
520 888 562 925 et
588 887 728 924 tamen
757 882 812 924 eis
842 882 1050 937 praecepit
1078 883 1177 925 deus
1204 883 1453 927 sacrificium
1480 898 1554 940 pro
1575 885 1657 928 suis
1679 886 1875 942 primitus

307 952 454 994 offerre
471 947 662 1005 peccatis,
683 953 724 989 et
747 947 847 1002 quid
863 948 1046 990 sanctius
1068 948 1110 990 in
1130 961 1238 991 nouo
1257 949 1409 1005 populo
1427 950 1653 1005 apostolis?
1677 956 1874 994 ettamen

306 1016 513 1072 praecepit
542 1014 597 1056 eis
625 1013 814 1055 dominus
844 1013 886 1054 in
914 1014 1097 1056 oratione
1125 1014 1276 1057 dicere:
1307 1014 1423 1057 dim
1440 1015 1452 1057 i
1469 1020 1486 1057 t
1504 1020 1522 1057 t
1539 1029 1560 1058 e
1588 1029 1616 1058 n
1633 1030 1657 1059 o
1674 1016 1765 1059 bis
1793 1017 1820 1060 d
1837 1031 1876 1059 e·

305 1084 331 1123 b
350 1083 361 1123 i
380 1088 397 1124 t
416 1096 440 1125 a
462 1096 489 1123 n
507 1095 530 1123 o
549 1094 566 1122 s
583 1085 601 1122 t
618 1092 637 1120 r
656 1093 690 1121 a.
717 1079 903 1121 omnium
926 1078 1051 1134 igitur
1067 1080 1227 1135 piorum
1251 1080 1327 1122 sub
1352 1081 1430 1123 hoc
1452 1094 1573 1123 onere
1596 1082 1874 1137 corruptibilis

304 1148 435 1190 carnis
465 1152 506 1190 et
533 1146 574 1187 in
602 1145 721 1187 istius
748 1144 858 1187 uitae
886 1144 1128 1187 infirmitate
1154 1146 1406 1200 gementium
1433 1160 1523 1202 spes
1552 1160 1635 1189 una
1660 1153 1736 1198 est,
1765 1148 1875 1203 quod

304 1215 677 1256 aduocatum
746 1210 1035 1253 habemus
1121 1212 1278 1266 apud
1371 1217 1608 1267 patrem
1677 1213 1874 1256 Iesum

304 1279 616 1321 Christum
649 1276 899 1327 iustum;
941 1280 998 1318 et
1038 1276 1168 1332 ipse
1210 1281 1301 1319 est
1342 1277 1631 1321 exoratio
1672 1291 1873 1333 pecca-

305 1350 501 1387 torum
531 1346 897 1385 nostrorum.

408 1410 479 1452 VI.
512 1410 573 1452 16.
608 1408 741 1450 Istum
779 1408 1031 1450 aduocatum
1066 1420 1149 1450 non
1187 1408 1343 1450 habent
1372 1407 1443 1459 illi,
1473 1407 1544 1464 qui
1573 1413 1672 1452 sunt
1700 1422 1726 1452 a
1754 1408 1872 1452 iustis

303 1502 354 1505 —
377 1475 538 1518 etiamsi
556 1474 643 1516 sola
660 1473 741 1515 ista
763 1478 872 1516 esset
895 1472 1133 1516 differentia
1155 1500 1208 1504 —
1230 1474 1273 1516 in
1295 1474 1549 1517 contrarium
1571 1474 1769 1531 longeque
1792 1475 1872 1518 dis-

302 1541 414 1583 creti.
444 1555 566 1597 quem
593 1540 749 1582 iustum
774 1539 1026 1582 aduocatum
1050 1538 1161 1582 absit
1196 1545 1244 1582 ut
1279 1539 1477 1591 dicamus,
1510 1539 1617 1583 sicut
1651 1540 1730 1596 ipsi
1763 1540 1872 1583 calu·

301 1607 526 1658 inhiantur,
546 1605 691 1648 ‘carnis
718 1604 963 1648 necessitate
988 1604 1241 1657 mentitum‘‚
1260 1605 1331 1648 sed
1349 1605 1522 1648 dicimus
1538 1618 1633 1648 eum
1661 1605 1704 1648 in
1732 1605 1871 1648 simili-

301 1673 444 1715 tudine
467 1672 599 1715 carnis
623 1671 782 1726 pcccati
804 1671 854 1713 de
877 1674 1047 1726 peccato
1069 1670 1287 1714 danmasse
1309 1675 1537 1725 peccatum.
1563 1671 1675 1727 quod
1697 1671 1869 1715 fortasse

300 1738 369 1780 isti
412 1751 494 1780 non
539 1737 821 1792 intellegentes
865 1741 907 1779 et
949 1736 1229 1779 calumniandi
1272 1736 1502 1792 cupiditate
1545 1737 1702 1779 caecati
1745 1750 1870 1792 quam

299 1803 471 1846 diuersis
487 1803 619 1846 modis
635 1802 796 1858 peccati
810 1815 958 1844 nomen
973 1802 1016 1844 in
1031 1802 1243 1857 scripturis
1259 1802 1412 1845 sanctis
1425 1802 1521 1857 poni
1536 1802 1665 1845 soleat
1680 1803 1869 1858 ignoran-

300 1875 362 1912 tes
381 1873 598 1925 peccatum
610 1868 761 1911 Christi
780 1867 1002 1911 adfirmare
1020 1880 1094 1910 nos
1114 1867 1285 1910 iactant.
1307 1867 1482 1911 dicimus
1501 1867 1643 1923 itaque
1661 1867 1869 1911 Christum

298 1940 340 1977 et
355 1935 515 1977 nullum
529 1934 721 1977 habuisse
736 1938 954 1989 peccatum
963 1947 1039 1976 nec
1054 1933 1097 1975 in
1112 1933 1251 1976 anima
1266 1947 1340 1976 nec
1356 1933 1399 1975 in
1414 1946 1535 1976 carne
1551 1938 1594 1976 et
1609 1932 1867 1989 suscipiendo
1922 1945 1932 1959 ··

297 2013 462 2043 carnem
478 1997 520 2043 in
539 1999 807 2042 similitudine
819 1999 951 2042 carnis
968 1998 1130 2055 peccati
1146 1999 1196 2041 de
1214 2004 1383 2054 peccato
1400 1999 1617 2042 damnasse
1634 2003 1864 2055 peccatum.

297 2066 408 2121 quod
436 2066 685 2108 subobscure
714 2065 767 2107 ab
798 2064 986 2121 apostolo
1016 2064 1175 2107 dictum
1204 2065 1365 2107 duobus
1394 2064 1525 2107 modis
1555 2064 1747 2108 soluitur:
1780 2064 1866 2107 siue

399 2197 414 2230 1
435 2196 478 2230 cf.
499 2195 580 2240 Sap.
599 2196 631 2233 9.
651 2196 691 2230 15
783 2195 872 2231 Phil.
891 2196 922 2237 3,
940 2194 993 2229 12.
1013 2195 1054 2229 13
1147 2195 1168 2229 5
1186 2194 1276 2231 Phil.
1293 2195 1326 2236 3,
1344 2195 1384 2229 15
1475 2194 1497 2229 9
1512 2194 1555 2230 cf.
1574 2194 1657 2229 Leu.
1675 2194 1708 2235 9,
1725 2195 1755 2229 7.
1776 2193 1827 2235 16,
1844 2192 1865 2228 6

297 2257 336 2290 11
355 2255 484 2291 Matth.
503 2255 535 2296 6,
554 2255 595 2289 12
692 2256 730 2289 14
750 2255 766 2290 I
784 2255 856 2289 Ioh.
876 2255 907 2296 2,
926 2255 955 2288 1.
974 2255 994 2289 2
1087 2253 1129 2289 20
1147 2254 1306 2290 Iulianus
1398 2254 1441 2289 cf.
1461 2253 1562 2289 Rom.
1581 2254 1613 2296 8,
1629 2254 1651 2288 3

175 2358 239 2402 del.
258 2356 289 2392 B
389 2357 406 2390 1
420 2355 523 2402 quia]
532 2356 626 2402 quod
638 2355 666 2389 O
702 2356 723 2390 3
735 2355 849 2400 ipsum
861 2367 913 2391 om
928 2355 956 2390 0
997 2355 1018 2390 5
1029 2354 1215 2401 quodquot
1225 2354 1255 2388 V
1297 2355 1318 2390 8
1329 2353 1416 2400 quid
1426 2353 1521 2389 enim
1530 2353 1720 2399 perfectius
1731 2353 1863 2398 quidue

295 2415 526 2453 excellentius
537 2414 621 2450 EFd
668 2419 787 2450 uetere
800 2415 830 2449 V
862 2416 883 2450 9
893 2414 1146 2460 et——apostolis
1156 2413 1286 2450 omEF
1334 2404 1448 2460 {cipit
1456 2413 1538 2449 Om1
1543 2413 1576 2448 D
1626 2412 1790 2459 primitus
1801 2422 1863 2457 pro

295 2477 366 2513 suis
376 2474 480 2511 End
526 2475 568 2511 10
584 2474 634 2520 et]
649 2473 745 2508 uelo
785 2475 964 2510 sanctius
979 2474 1007 2509 ο
1017 2475 1049 2519 (c
1059 2473 1186 2518 m2s.z.)
1234 2475 1274 2508 11
1290 2464 1531 2521 {cipitomm
1576 2472 1619 2508 12
1635 2472 1790 2518 priorum
1798 2471 1860 2507 ov

294 2546 422 2572 *onere
431 2534 463 2570 V
472 2545 576 2570 onere
586 2544 629 2568 ea:
638 2533 768 2569 honore
780 2533 862 2569 le
896 2532 1173 2579 corruptiuilisO
1209 2535 1252 2569 14
1262 2534 1308 2569 ad
1318 2537 1457 2579 patrem
1469 2530 1582 2569 CEFd
1621 2531 1664 2567 16
1673 2534 1832 2567 nostrum
1843 2532 1862 2567 b

294 2597 336 2632 17
353 2594 478 2641 istum]
494 2595 627 2630 iustum
638 2591 723 2628 EFd
777 2593 851 2628 sint
862 2592 892 2626 V
950 2593 993 2628 19
1009 2592 1465 2629 aduocatum—mentitum
1479 2591 1578 2628 om.V
1633 2591 1715 2638 ipsi]
1729 2590 1790 2627 isti
1799 2590 1861 2626 CD

293 2656 335 2692 20
353 2654 544 2691 mentitum
558 2653 629 2698 0(t
643 2651 781 2697 final.)
857 2651 1129 2687 similitudinem
1141 2651 1235 2687 EFV
1313 2651 1356 2687 22
1371 2651 1446 2698 isti]
1460 2651 1527 2697 ipsi
1538 2651 1570 2686 V
1640 2649 1862 2696 calumpniE

291 2713 542 2761 cupiditate-O
617 2713 660 2749 23
674 2712 875 2759 ignorantes
890 2711 956 2747 hoc
971 2711 1108 2748 dicunt:
1130 2711 1316 2758 Quomodo
1331 2710 1425 2747 enim
1440 2711 1617 2757 perfectae
1632 2713 1686 2746 est
1699 2709 1860 2746 iustitiae

292 2775 354 2820 qui
369 2774 481 2810 esurit
495 2776 532 2810 et
546 2773 626 2810 sitit
640 2770 844 2808 iustitiam?
872 2770 909 2806 Si
923 2779 1073 2816 magnus
1087 2770 1286 2817 (magnaF)
1311 2774 1365 2807 est
1379 2781 1459 2807 cum
1475 2769 1590 2807 abillo
1599 2769 1692 2817 (paq-
1707 2768 1786 2810 506,
1800 2768 1860 2813 24)

290 2835 405 2870 cenem
414 2832 546 2870 omEF
583 2832 626 2868 25
636 2830 829 2868 animamV
859 2829 902 2865 26
910 2829 1145 2866 similitudine
1151 2829 1213 2865 oV
1256 2830 1298 2867 27
1309 2828 1561 2867 subobscuroo
1569 2829 1820 2874 subobscuram
1831 2827 1861 2863 0
