2028 3204
141 1189 179 1218 10

141 1518 178 1546 15

138 1846 181 1876 20

316 584 346 626 I.
381 586 414 626 1.
447 584 617 626 Librum
649 597 771 639 quem
802 582 985 630 misistis,
1033 582 1233 625 carissimi
1266 582 1338 624 filii
1370 582 1522 626 Timasi
1553 590 1596 625 ct
1629 583 1789 634 Iacobo,

208 649 450 693 intermissis
481 650 709 705 paululum,
740 662 846 704 quae
874 649 915 691 in
944 649 1136 691 manibus
1165 654 1297 696 erant,
1328 648 1479 691 cursim
1509 649 1689 705 quidem,
1719 651 1789 692 sod

207 730 288 759 non
315 715 510 758 mediocri
537 715 769 758 intentione
795 715 947 771 perlegi
972 720 1015 757 et
1040 714 1126 757 uidi
1151 714 1363 757 hominem
1390 715 1474 757 zelo
1499 715 1792 758 ardentissimo

208 795 428 824 accensum
452 782 652 824 aduersus
678 795 761 831 (308,
789 780 860 836 qui
885 794 980 823 curn
1005 780 1046 822 in
1073 781 1156 822 suis
1184 780 1364 835 peccatis
1391 781 1622 824 humanam
1648 782 1793 823 uolun-

210 853 342 890 tatem
369 847 549 890 debcant
575 860 783 895 accusare,
812 852 1008 889 naturam
1035 847 1173 902 potius
1201 851 1445 890 accusantes
1476 847 1694 890 hominum
1723 861 1793 902 per

210 914 321 957 illam
348 928 386 956 se
416 926 610 956 excusare
638 918 855 955 conantur.
907 912 1029 954 nimis
1057 912 1212 955 exarsit
1239 913 1437 955 aduersus
1465 913 1573 955 hanc
1600 913 1793 968 pestilen-

210 979 327 1026 tiam,
359 992 486 1034 quam
516 978 644 1021 ctiam
673 978 908 1021 litterarum
938 978 1212 1021 saecularium
1242 983 1431 1021 auctores
1460 978 1646 1035 grauiter
1672 993 1794 1034 argu-

210 1051 331 1088 erunt
374 1045 675 1088 exclamantes:
718 1044 880 1086 falso
938 1044 1230 1099 queritur
1284 1044 1351 1086 de
1406 1050 1633 1087 natura.
1689 1059 1790 1087 sua

209 1125 235 1166 g
252 1125 273 1152 e
290 1125 314 1153 n
336 1125 360 1153 ιι
380 1126 397 1151 s
430 1111 455 1153 h
476 1125 501 1152 u
520 1124 562 1153 m
578 1125 603 1153 a
619 1125 646 1153 n
666 1124 691 1152 u
710 1124 764 1152 m.
801 1111 908 1153 hanc
926 1124 1091 1166 prorsus
1111 1110 1238 1153 etiarn
1256 1110 1335 1153 iste
1352 1110 1605 1153 sententiam
1624 1111 1792 1165 quantis

207 1176 344 1232 potuit
356 1176 508 1233 ingenii
527 1176 684 1219 uiribus
701 1176 928 1232 aggerauit.
943 1190 1089 1218 uerum
1101 1181 1243 1219 tamen
1262 1176 1389 1218 timeo
1405 1190 1454 1218 ne
1470 1176 1546 1218 illis
1561 1177 1697 1231 potius
1710 1176 1794 1219 suf-

211 1242 407 1297 fragetur.
433 1242 503 1298 qui
528 1243 721 1285 zelum
758 1242 855 1285 dei
892 1242 1137 1292 habent,
1171 1243 1421 1285 sednon
1462 1243 1792 1284 secundum

207 1307 563 1357 scicntiam3
609 1308 979 1364 ignorantes
1022 1307 1178 1349 enim
1229 1307 1325 1350 dei
1370 1307 1695 1350 iustitiam
1738 1313 1795 1349 et

208 1387 371 1416 suam
415 1374 706 1416 uolentes
750 1373 1151 1416 constituere
1196 1373 1502 1415 iustitiae
1543 1374 1641 1415 dei
1683 1388 1795 1416 non

209 1455 225 1480 s
246 1455 270 1482 u
290 1453 314 1481 ιι
334 1446 352 1481 t
392 1454 408 1480 s
428 1454 453 1481 u
473 1439 498 1481 b
519 1439 530 1481 i
548 1453 569 1481 c
586 1453 606 1481 c
626 1444 642 1481 t
662 1439 686 1481 i.
714 1452 819 1494 quac
839 1439 894 1482 sit
915 1445 1058 1482 autom
1079 1439 1240 1482 iustitia
1261 1439 1328 1481 dei
1348 1440 1398 1482 de
1421 1453 1503 1494 qua
1526 1438 1590 1481 hic
1610 1439 1796 1494 loquitur

209 1510 508 1560 consequenter
546 1505 682 1561 aperit
723 1505 969 1561 adiungens:
1015 1505 1144 1547 finis
1190 1505 1326 1547 enim
1372 1505 1504 1561 legis
1543 1505 1697 1547 Chris
1716 1511 1796 1547 tus

207 1586 230 1614 a
249 1572 275 1613 d
325 1571 649 1613 iustitiam
695 1571 854 1613 omni
898 1571 1200 1613 credenti.
1253 1571 1360 1614 hanc
1406 1571 1548 1627 itaque
1589 1571 1792 1614 iustitiam

208 1638 273 1680 dei
304 1651 385 1679 non
417 1637 457 1678 in
488 1642 710 1692 praecepto
741 1636 853 1692 legis,
901 1650 981 1692 quo
1012 1637 1138 1679 timor
1167 1637 1383 1686 incutitur,
1414 1637 1484 1679 sed
1514 1637 1556 1680 in
1585 1637 1795 1680 adiutorio

207 1703 365 1758 gratiae
390 1703 554 1749 (hristi.
581 1703 634 1745 ad
660 1716 786 1758 quam
811 1702 941 1745 solam
967 1703 1125 1745 utiliter
1150 1703 1247 1759 legis
1274 1703 1389 1745 uelut
1414 1703 1644 1759 paedagogi
1669 1703 1794 1745 timor

208 1768 337 1819 ducit,
380 1769 655 1811 constitutam
696 1782 782 1811 esse
825 1768 895 1824 qui
936 1768 1153 1825 intellegit,
1196 1769 1284 1824 ipse
1324 1769 1528 1825 intellegit
1570 1782 1697 1824 quare
1738 1770 1794 1811 sit

208 1834 479 1877 Christianus.
522 1848 649 1876 nam
690 1834 738 1876 si
780 1848 881 1889 per
921 1834 1112 1891 legem
1155 1834 1434 1885 iustitia,
1471 1848 1609 1891 ergo
1637 1835 1795 1877 Chri-

210 1906 344 1943 stus
384 1914 410 1956 g
426 1914 487 1942 ra
504 1899 588 1942 tis
631 1913 672 1941 m
690 1914 712 1942 o
731 1914 750 1942 r
768 1906 785 1942 t
804 1914 828 1942 ιι
848 1914 873 1942 ιι
891 1914 908 1942 s
950 1914 971 1942 e
990 1905 1057 1943 st.
1111 1900 1145 1942 si
1170 1906 1314 1943 autem
1340 1915 1422 1943 non
1448 1900 1576 1957 gratis
1605 1906 1793 1943 mortuus

210 1972 285 2017 est,
321 1966 362 2008 in
397 1966 465 2008 illo
500 1966 586 2008 solo
621 1965 875 2009 iustificatur
908 1965 1073 2021 impiuS‚
1109 1966 1175 2008 cui
1224 1966 1514 2008 credenti
1564 1966 1620 2008 in
1669 1980 1793 2009 cum

211 2031 309 2086 qui
368 2031 706 2074 iustificat
770 2031 1020 2086 impium
1083 2032 1434 2086 deputatur
1498 2031 1660 2074 fides
1725 2033 1794 2074 ad

301 2151 322 2181 8
339 2149 484 2185 Sallusti
501 2149 588 2184 Bell.
607 2150 681 2196 lug.
700 2153 716 2186 l
799 2152 852 2186 11.
870 2152 911 2186 15
928 2151 1029 2186 Rom.
1048 2152 1100 2192 10,
1120 2152 1207 2186 2-4
1297 2152 1338 2187 18
1354 2151 1397 2186 cf.
1416 2151 1494 2186 Gal.
1509 2153 1540 2192 3,
1560 2152 1599 2187 24
1649 2152 1692 2186 20
1711 2151 1787 2187 Gal.

212 2213 242 2250 2,
266 2212 303 2245 21
399 2210 442 2245 22
465 2210 566 2245 Rom.
589 2212 623 2250 4,
645 2210 666 2244 5

302 2296 414 2350 Explc
435 2315 503 2351 xpo
524 2305 594 2340 dno
615 2295 676 2340 ihu
695 2305 828 2352 gratias
840 2305 887 2341 ad
908 2316 990 2351 epos
1008 2305 1210 2352 eutropium
1227 2309 1265 2341 et
1280 2318 1320 2353 pv
1315 2307 1427 2342 ulum
1441 2307 1524 2350 (lm.
1541 2307 1621 2342 mai.
1629 2308 1640 2351 )
1663 2306 1790 2352 Incipit

210 2356 259 2399 lib
283 2364 335 2399 sci
359 2364 543 2412 augustini
567 2365 615 2400 ad
642 2364 784 2401 timasisi
809 2369 847 2400 et
865 2364 992 2401 iacobsi
1024 2365 1066 2401 de
1093 2370 1224 2402 natura
1255 2370 1290 2401 et
1319 2365 1435 2412 gratia
1456 2366 1488 2401 D
1521 2366 1692 2413 Explicit:
1721 2377 1790 2412 xpo

211 2425 284 2459 dno
305 2424 362 2460 ihu
381 2424 512 2471 gratias
528 2424 574 2460 ad
593 2424 773 2471 episcopos
795 2425 1062 2479 eutropium—
1015 2429 1051 2461 et
1071 2426 1228 2472 paulum.
1260 2426 1389 2472 Incipit
1405 2428 1527 2470 (celera
1543 2427 1599 2461 de.
1601 2430 1664 2462 unt
1677 2427 1790 2471 spano

211 2495 322 2520 uacuo
344 2485 469 2530 relicto)
490 2485 533 2527 P,
538 2486 570 2521 E
593 2485 684 2529 (Inc.
703 2480 784 2526 om.)
814 2484 972 2532 Explicit
991 2495 1061 2531 xpo
1084 2485 1156 2520 dno
1181 2485 1241 2522 ihu
1266 2485 1397 2532 gratias
1414 2487 1461 2522 ad
1487 2478 1570 2532 epos
1586 2486 1789 2532 eutropium

210 2548 247 2579 et
277 2544 434 2590 paulum
465 2543 598 2591 Incipit
624 2544 711 2581 liber
734 2545 787 2580 sci
811 2544 991 2591 augustini
1020 2546 1064 2581 de
1090 2550 1222 2582 namra
1246 2551 1283 2582 et
1313 2546 1429 2592 gratia
1463 2547 1555 2582 ΕΒ(
1589 2546 1718 2592 Incipit
1745 2546 1789 2581 ad

212 2603 393 2640 timasium
410 2608 447 2640 et
462 2604 628 2640 iacobum
644 2603 689 2640 de
704 2609 834 2641 natura
848 2610 887 2642 et
906 2604 1022 2652 gratia
1043 2604 1192 2642 feliciter
1204 2606 1271 2642 VB
1318 2609 1334 2643 1
1354 2606 1531 2642 karissimi
1546 2606 1576 2640 B
1635 2606 1714 2652 filii]
1728 2606 1785 2641 Η

212 2663 234 2699 2
251 2663 396 2709 paulum
409 2664 498 2700 Vm1
587 2666 609 2700 3
626 2667 666 2700 ut
685 2665 758 2700 zelo
771 2665 882 2709 (utin
895 2676 960 2711 my.
973 2665 1045 2710 m2)
1056 2664 1088 2700 R
1105 2667 1146 2710 ut
1162 2666 1234 2702 zelo
1246 2666 1279 2702 E
1366 2668 1385 2702 7
1401 2678 1468 2712 que
1480 2666 1508 2701 L
1598 2676 1746 2711 arguere
1758 2666 1786 2699 ι’

211 2723 399 2770 arguereE
467 2724 489 2760 8
501 2723 684 2770 quaeritur
695 2725 794 2760 DPC
802 2724 963 2771 queritur
974 2724 1006 2760 R
1063 2725 1085 2760 9
1098 2725 1166 2763 iste
1181 2728 1214 2770 (c
1232 2737 1275 2762 ez
1290 2725 1316 2770 i)
1327 2726 1359 2762 D
1417 2727 1458 2762 10
1475 2731 1706 2761 ueruntamcn
1723 2725 1790 2760 VB

213 2782 254 2826 12
265 2782 448 2819 anteenim
458 2794 542 2819 eras.
553 2784 578 2819 d
590 2783 623 2819 R
668 2786 710 2820 14
721 2783 908 2829 iustitiam
918 2795 987 2830 eze
998 2784 1110 2822 m21L
1156 2788 1198 2822 17
1210 2788 1286 2831 post
1298 2791 1488 2832 praecepto
1501 2796 1567 2820 ras.
1584 2785 1671 2820 1—-2
1681 2785 1747 2821 liu.
1761 2785 1792 2820 R

215 2844 256 2879 18
273 2841 447 2890 pedagogi
457 2842 544 2879 le
561 2846 621 2880 cet.
671 2844 713 2880 19
726 2843 802 2891 ipse
816 2843 991 2891 intellegit
1004 2845 1046 2880 in
1057 2857 1122 2892 ηις.
1137 2846 1170 2882 D
1260 2846 1300 2882 21
1314 2845 1445 2881 si—est
1458 2845 1498 2880 in
1511 2857 1576 2890 ηις.
1590 2844 1677 2880 Eml
