2028 3204
241 195 320 236 366
670 203 727 239 IV.
762 203 813 238 De
846 206 976 240 natura
1005 206 1043 239 et
1072 203 1204 250 origine
1239 203 1377 240 animae

242 330 494 373 insufflasse:
535 334 567 371 et
598 343 686 372 cum
716 334 892 372 emortua
919 330 1104 380 membra,
1135 330 1285 385 inquis,
1316 331 1363 372 in
1391 331 1567 385 uiqore‘m
1594 332 1814 385 pristinum

242 396 491 438 redanimata
528 409 598 448 per
634 395 804 437 halitum
841 395 1052 449 prophetae
1088 395 1235 438 diuina
1271 396 1402 438 uirtus
1440 397 1671 447 accenderet,
1709 397 1815 439 nihil

242 461 283 503 H
286 461 401 504 eliseo
429 462 549 514 suerit
577 461 851 511 imminutum,
881 474 952 514 per
979 461 1095 502 cuius
1122 461 1267 513 flatum
1295 474 1438 514 corpus
1465 466 1683 504 emortuum
1712 463 1814 504 redi-

244 527 383 568 uiuam
404 528 585 568 animam
603 527 747 578 recepit
766 530 800 567 et
818 526 1021 579 spiritum,
1041 526 1128 568 ‘nisi
1145 526 1248 580 quod
1266 526 1383 568 semel
1401 526 1588 569 dominus
1607 528 1653 569 in
1670 527 1813 579 faeiem

242 592 416 634 hominis
432 591 679 644 insufflanit,
698 596 732 633 et
748 592 867 641 uinxit,
886 592 995 633 tertio
1012 591 1199 633 Heliseus
1215 592 1261 633 in
1275 592 1419 644 faciem
1434 593 1582 634 mortui
1597 593 1810 645 aspir-aud,

163 676 170 683 ·
242 661 275 698 et
298 658 459 699 reuixit.
501 658 558 699 sic
582 662 733 699 sonant
758 661 833 699 tua
857 656 985 699 uerba
1008 656 1102 706 ista,
1129 657 1247 711 quasi
1271 656 1402 699 flandi
1425 662 1594 700 tantum
1619 671 1813 700 numerus

243 723 490 774 interfuerit,
515 727 561 765 ut
585 736 666 764 non
690 723 801 777 quod
825 722 922 764 fecit
945 722 1045 764 deus
1068 722 1195 764 etiam
1217 722 1422 777 propheta
1443 722 1585 764 fecisse
1607 724 1809 766 credatur.

244 793 284 829 et
311 788 389 830 hoc
416 801 509 842 ergo
538 788 843 830 emendandum
872 792 946 829 est.
990 793 1078 829 tam
1105 787 1285 830 multum
1313 788 1466 842 quippe
1492 788 1679 830 interfuit
1707 788 1814 830 inter

243 853 339 895 illud
365 867 467 908 opus
489 854 555 895 dei
577 859 618 895 et
639 853 716 895 hoc
739 853 904 901 Helisei,
929 858 975 895 ut
997 852 1063 894 ille
1084 853 1249 895 flauerit
1271 852 1420 895 flatum
1443 853 1567 903 uitae,
1591 867 1672 908 quo
1695 853 1812 895 fieret

242 919 364 960 homo
391 919 433 960 in
461 919 643 961 animam
671 919 895 967 uiuentem,
924 918 1001 960 iste
1028 924 1169 960 autem
1196 918 1361 960 flauerit
1388 918 1538 960 flatum
1565 932 1697 973 neque
1722 932 1810 960 sen-

243 984 415 1025 tientem
463 997 596 1039 neque
642 984 866 1030 uiuentem,
907 983 978 1025 sed
1026 982 1181 1038 aliquid
1231 982 1493 1037 significandi
1523 983 1658 1038 gratia
1707 982 1809 1038 figu-

238 1054 413 1091 rantem.
474 1050 652 1104 denique
683 1054 730 1092 ut
762 1062 864 1104 puer
912 1049 989 1091 iste
1019 1049 1304 1099 reuiuesceret,
1346 1063 1427 1091 non
1461 1063 1554 1091 eum
1589 1050 1811 1091 animando

246 1115 448 1169 propheta
473 1115 583 1161 feeit,
611 1115 682 1156 sed
717 1128 811 1156 eum
841 1114 1019 1156 amando
1045 1119 1092 1157 ut
1126 1115 1204 1156 hoc
1237 1115 1338 1156 deus
1372 1114 1524 1157 faceret
1556 1115 1809 1170 impetrauit.

243 1181 353 1234 quod
424 1186 564 1222 autem
622 1180 738 1222 illum
809 1185 872 1222 ter
936 1179 1058 1222 flasse
1131 1180 1244 1229 dicis,
1308 1184 1381 1222 aut
1441 1180 1651 1226 memoria,
1708 1180 1815 1222 sicut

244 1246 331 1287 fieri
353 1245 471 1293 solet,
496 1252 568 1288 aut
591 1245 845 1287 mendositas
868 1245 1018 1287 codicis
1040 1251 1082 1286 te
1104 1245 1260 1287 fefellit.
1301 1245 1400 1300 quid
1423 1244 1571 1300 plura?
1611 1259 1691 1286 non
1713 1251 1810 1287 sunt

242 1311 318 1352 tibi
347 1312 398 1353 ad
429 1311 506 1352 hoc
535 1311 806 1353 astruendum
835 1310 975 1365 aliqua
1003 1310 1192 1365 exempla
1220 1315 1261 1352 et
1289 1316 1535 1365 argumenta
1563 1310 1810 1365 quaerenda,

242 1377 312 1418 sed
348 1377 487 1431 potius
521 1377 781 1418 emendanda
814 1381 855 1417 et
888 1376 1094 1418 mutanda
1125 1376 1342 1418 sententia.
1394 1375 1477 1417 noli
1509 1389 1603 1429 ergo
1637 1376 1810 1421 credere.

244 1442 324 1483 noli
345 1442 491 1491 dicere,
512 1442 592 1483 noli
614 1442 759 1483 docere
781 1442 906 1496 ‘quod
925 1455 1007 1483 non
1027 1442 1078 1483 de
1098 1441 1238 1491 nihilo,
1256 1441 1327 1483 sed
1345 1441 1396 1483 de
1413 1454 1487 1483 sua
1504 1446 1655 1483 natura
1672 1440 1811 1482 feeerit

243 1508 425 1549 animam
454 1508 583 1555 deus‘,
614 1507 645 1548 si
676 1507 737 1548 uis
767 1520 852 1548 esse
882 1506 1120 1549 catholicus,

349 1583 418 1626 VI.
443 1586 479 1626 8.
502 1584 595 1625 Noli
618 1584 780 1625 credere
802 1597 876 1625 nec
893 1583 1027 1625 dicere
1044 1597 1118 1625 nec
1135 1584 1279 1625 docere
1305 1584 1390 1638 ‘per
1410 1583 1622 1625 infinitum
1645 1589 1809 1637 tenipus

244 1654 370 1703 atque
393 1650 452 1691 ita
475 1663 637 1704 semper
659 1650 782 1691 deum
800 1649 960 1691 animas
977 1649 1087 1699 dare,
1106 1649 1213 1695 sicut
1236 1661 1398 1703 semper
1419 1653 1481 1690 est
1504 1649 1590 1703 ipse
1614 1648 1684 1702 qui
1707 1648 1809 1695 dat‘,

241 1714 274 1756 si
299 1715 361 1756 uis
385 1728 472 1756 esse
497 1714 735 1756 catholicus.
772 1714 847 1755 erit
872 1714 980 1755 enim
1004 1719 1183 1768 tempus
1210 1714 1377 1768 quando
1402 1727 1481 1755 non
1508 1713 1626 1755 dabit
1651 1713 1810 1755 animas

241 1780 354 1829 deuS,
382 1793 475 1822 cum
501 1785 641 1822 tamen
669 1792 754 1821 esse
780 1779 866 1833 ipse
892 1792 973 1820 non
999 1779 1174 1821 desinat.
1212 1784 1377 1833 poterat
1404 1778 1571 1833 quidem
1597 1778 1653 1819 sic
1680 1778 1810 1833 aeeipi

243 1845 352 1899 quod
365 1846 458 1887 aisti
477 1846 648 1900 ‘semper
665 1844 768 1894 dat‘,
790 1850 836 1886 ut
847 1844 1152 1898 intellegeretur
1161 1844 1248 1885 sine
1260 1844 1487 1886 cessatione
1501 1844 1599 1885 dare
1610 1843 1809 1898 quamdiu

335 2025 363 2058 1.
384 2024 426 2058 18
444 2023 543 2058 Vinc.
562 2023 682 2058 Victor
796 2023 837 2057 10
853 2024 897 2058 cf.
918 2023 1004 2058 Gen.
1025 2022 1056 2064 2,
1074 2024 1092 2057 7
1189 2022 1230 2057 20
1246 2021 1345 2056 Vinc.
1366 2020 1498 2062 Victor;
1517 2021 1560 2056 ef.
1578 2031 1655 2067 pag.
1675 2020 1750 2062 325,
1772 2021 1814 2055 10

335 2156 350 2189 1
373 2153 408 2188 in
425 2154 525 2189 om.B
617 2155 636 2189 2
651 2153 876 2188 sedanimata
889 2152 924 2187 H
1028 2151 1154 2187 alitum
1167 2152 1267 2187 ΑΕΗ
1370 2153 1391 2187 3
1404 2151 1548 2187 helisseo
1565 2152 1598 2187 A
1689 2150 1759 2187 fuit
1776 2150 1808 2184 Τ

244 2216 264 2249 4
282 2213 410 2259 recepit
429 2213 583 2248 animam
600 2214 630 2248 Ε
769 2213 937 2259 reciperet
956 2211 1016 2246 BC
1032 2212 1112 2257 (om.
1129 2214 1192 2253 et),
1207 2212 1224 2245 I
1232 2212 1280 2246 Tb
1389 2211 1424 2246 in
1441 2210 1581 2257 faciem]
1597 2211 1673 2246 add.
1693 2201 1759 2245 dffs
1775 2210 1804 2244 C

241 2273 262 2307 5
278 2272 384 2318 uixit]
401 2272 491 2308 dixit
511 2274 541 2307 Ε
605 2272 772 2308 helisseus
788 2274 818 2307 A
891 2271 1118 2318 asspirauerit
1133 2272 1198 2306 AE
1216 2270 1450 2316 adspirauerit
1464 2270 1500 2306 H
1574 2272 1596 2306 6
1611 2270 1681 2306 ista.
1695 2269 1807 2304 uerba

245 2335 307 2367 tua
322 2331 357 2366 H
450 2333 559 2367 uerba
574 2336 638 2367 tua
651 2332 702 2367 ΕΙ
802 2334 821 2367 7
839 2331 961 2367 fecisse
978 2332 1062 2367 om]
1152 2332 1174 2366 8
1186 2330 1317 2376 quippe
1333 2330 1435 2365 omH
1525 2330 1547 2364 9
1564 2340 1652 2375 opus
1669 2328 1755 2364 illud
1774 2329 1804 2363 T

244 2391 381 2427 helissei
395 2392 426 2426 A
489 2383 538 2437 qd
553 2392 580 2425 C
649 2392 690 2426 10
706 2390 826 2437 homo]
841 2391 918 2426 add.
937 2394 975 2425 et
992 2391 1023 2425 Ε
1093 2401 1204 2436 neque
1221 2389 1401 2425 uiuentem
1420 2399 1532 2435 neque
1547 2388 1759 2425 sentientem
1773 2388 1806 2423 T

246 2451 283 2485 11
302 2451 417 2496 gratia
431 2450 652 2497 significandi
665 2452 694 2485 Ε
763 2451 804 2485 12
819 2450 936 2496 pierA
1005 2449 1230 2485 reuiuisceret
1243 2449 1326 2484 ΒΕΙ
1331 2449 1362 2483 Τ
1422 2459 1492 2484 non
1507 2459 1588 2483 eum
1604 2447 1756 2483 amando
1774 2448 1804 2482 T

246 2511 287 2546 13
313 2521 393 2545 eum
419 2521 482 2545 om.
507 2509 577 2545 ΑΗ
695 2509 888 2545 animando
912 2510 947 2544 H
1083 2510 1124 2544 14
1147 2509 1292 2544 suflasse
1315 2508 1357 2543 bd
1484 2508 1526 2543 15
1554 2508 1645 2543 solet
1666 2506 1743 2542 fieri
1767 2506 1803 2542 Η

240 2572 275 2604 te
292 2569 422 2605 codicis
440 2570 470 2604 T
524 2569 613 2605 tellit
628 2570 658 2604 A
731 2570 770 2604 17
786 2568 973 2614 mutanda]
991 2568 1199 2605 mundanda
1215 2568 1246 2603 E
1321 2569 1363 2604 18
1382 2578 1434 2612 pr.
1451 2567 1538 2614 noli]
1555 2567 1631 2603 add.
1649 2576 1731 2612 ergo
1749 2565 1806 2602 Ad

242 2640 313 2664 non
330 2629 430 2664 om.B
521 2630 564 2664 19
579 2629 609 2666 si
625 2629 693 2675 uis]
709 2639 791 2664 suus
807 2628 838 2664 E
941 2629 982 2663 20
999 2628 1073 2663 noli
1090 2628 1201 2663 dicere
1217 2637 1281 2662 nec
1296 2627 1432 2662 credere
1445 2625 1558 2662 BTJb
1577 2625 1650 2662 noli
1665 2625 1802 2662 credere

244 2687 314 2723 noli
332 2688 444 2724 dicere
462 2689 493 2724 E
607 2688 679 2724 noli
695 2688 808 2724 dicere
824 2687 897 2723 noli
914 2687 1050 2723 credere
1066 2686 1139 2722 noli
1154 2687 1277 2723 docere
1291 2676 1421 2732 quodi
1436 2685 1479 2721 de
1494 2684 1606 2721 nihilo
1619 2695 1681 2731 per
1696 2683 1760 2719 inf.
1774 2683 1804 2720 C

242 2748 281 2782 21
299 2747 405 2783 deum
422 2758 558 2794 semper
570 2749 601 2783 Ε
654 2752 709 2784 est
724 2746 820 2783 om.C'
842 2791 847 2795 .
875 2746 918 2782 22
931 2746 1040 2792 enim]
1057 2747 1133 2782 add.
1151 2756 1222 2782 non
1234 2746 1266 2781 Ε
1319 2745 1406 2781 deus
1422 2745 1560 2780 animas
1571 2744 1600 2780 0
1662 2744 1806 2780 amasA

242 2807 286 2842 -23
308 2807 382 2853 ipse
396 2818 467 2843 esse
479 2807 510 2843 T
573 2807 647 2854 ipse
662 2806 765 2844 om.H
846 2805 998 2843 desistat
1011 2806 1042 2841 T
1133 2807 1175 2842 24
1197 2795 1247 2852 qd
1259 2804 1306 2842 da
1319 2803 1398 2841 istis
1409 2805 1442 2840 A
1528 2803 1688 2840 amistiC
1702 2802 1762 2839 isti
1772 2803 1804 2839 Ε

1840 929 1883 959 10

1842 1255 1881 1285 15

1836 1594 1880 1623 2⁰
