2028 3204
158 938 198 968 1⁰

157 1277 196 1308 15

154 1609 197 1639 2⁰

756 208 845 245 uber
878 207 926 244 1v
959 209 1010 252 10,
1047 209 1188 249 14—11,
1223 207 1265 244 1ss
1726 199 1809 240 395

225 333 336 390 quod
366 346 451 376 non
480 333 683 391 intellegit
711 334 790 377 hoc
817 347 859 377 se
889 346 972 377 non
1001 334 1236 389 intellegere
1267 333 1481 389 intellegit.
1529 334 1638 376 unde
1666 341 1808 377 autem

224 399 385 443 dictum
413 398 468 442 sit
497 399 538 441 in
566 413 682 443 sacro
711 399 892 456 psalmo:
935 400 962 442 h
981 413 1004 442 ο
1023 413 1063 442 m
1082 414 1105 442 o
1134 400 1191 441 i'n
1219 400 1243 442 h
1263 412 1447 442 onore
1476 414 1497 442 c
1515 415 1540 443 u
1559 414 1599 442 m
1628 415 1648 442 e
1666 414 1684 441 s
1702 415 1719 442 s
1738 416 1758 442 e
1778 407 1808 447 t,

225 478 328 508 non
354 464 715 517 intellexit;
739 471 1140 522 comparatus
1167 471 1249 507 est
1277 465 1611 520 pecoribus
1639 465 1809 507 insen-

225 530 389 574 satis
417 535 476 573 et
504 531 738 574 similis
767 531 978 575 factus
1006 536 1100 574 est
1128 530 1215 581 eiS,
1247 532 1332 586 lege
1361 537 1402 573 et
1434 532 1636 587 intellege,
1657 536 1704 574 ut
1733 532 1809 574 hoc

225 596 497 652 obprobrium
514 596 729 640 humiliter
738 597 878 653 potius
888 597 975 653 ipse
994 611 1142 639 caueas
1161 610 1287 652 quam
1306 597 1482 652 superbe
1500 598 1619 640 alteri
1638 597 1805 640 obicias.

224 663 275 705 de
305 662 368 705 his
398 662 509 705 enim
538 663 701 706 dictum
730 667 807 714 est,
854 663 926 719 qui
956 663 1080 706 istam
1111 663 1245 705 uitam
1275 663 1405 705 solam
1436 664 1645 719 deputant
1676 663 1807 705 uitam

223 728 453 772 secundum
482 741 649 772 carnem
679 729 869 772 uiuentes
897 734 941 772 et
970 734 1065 785 post
1094 734 1272 771 mortem
1303 729 1404 771 nihil
1434 735 1647 784 sperantes
1679 729 1808 771 ueluti

225 808 385 850 pecora,
415 807 499 837 non
523 795 574 838 de
600 796 677 845 his,
706 795 778 851 qui
804 808 937 851 neque
964 800 1119 852 negant
1145 809 1187 837 se
1213 795 1315 837 scire
1343 795 1452 850 quod
1482 795 1619 837 sciunt.
1645 801 1685 836 et
1714 808 1808 836 eon-

225 860 402 903 fitentur
424 875 465 902 se
490 861 644 904 nescire
669 862 780 918 quod
806 861 996 906 nesciunt
1021 866 1064 904 et
1088 860 1221 904 tutius
1246 860 1493 916 intellegunt
1518 860 1807 902 infirmitatem

224 939 343 969 suam
374 939 502 982 quam
532 927 582 969 de
612 941 688 970 sua
718 927 874 970 uirtute
904 927 1137 970 confidunt.

332 1005 393 1046 16.
431 1003 524 1046 Non
557 1004 700 1061 itaque
732 1004 950 1060 displiceat
983 1004 1315 1061 praesumptioni
1348 1008 1445 1046 tuae
1479 1003 1660 1046 iuuenali
1694 1017 1807 1045 meus

223 1069 360 1112 senilis
397 1070 533 1119 timor,
573 1070 644 1113 fili.
696 1084 771 1127 ego
806 1070 930 1122 enim,
967 1071 1001 1113 si
1035 1071 1114 1114 hoc
1149 1071 1259 1126 quod
1296 1070 1347 1112 de
1383 1070 1617 1112 animarum
1654 1069 1808 1125 origine

225 1136 460 1191 quaerimus
481 1149 555 1178 nec
573 1137 651 1179 deo
670 1149 745 1180 nec
762 1137 903 1192 aliquo
922 1136 1099 1192 spiritali
1118 1136 1284 1179 homine
1304 1136 1479 1178 docente
1499 1135 1599 1178 seire
1620 1142 1806 1190 potuero,

226 1201 410 1257 paratior
430 1215 522 1244 sum
544 1202 766 1245 defendere
789 1216 915 1259 quam
940 1208 1048 1245 recte
1070 1202 1198 1245 etiam
1221 1203 1298 1244 hoc
1320 1202 1420 1244 deus
1444 1202 1549 1244 sicut
1573 1201 1650 1243 alia
1676 1201 1806 1242 multu

225 1280 298 1310 nos
324 1268 424 1310 scire
452 1268 631 1311 noluerit
657 1281 784 1324 quam
810 1274 963 1312 temere
990 1268 1137 1318 dicere,
1166 1268 1276 1324 quod
1305 1273 1379 1310 aut
1406 1267 1465 1310 ita
1491 1268 1545 1309 sit
1572 1267 1806 1311 obscurum.

224 1339 272 1375 ut
302 1334 379 1376 hoc
409 1347 493 1376 non
523 1334 657 1377 solum
687 1335 740 1377 ad
771 1334 947 1378 aliorum
978 1334 1305 1390 intellegentiam
1338 1334 1558 1388 perducere
1590 1346 1806 1388 nequeam.

223 1399 293 1441 sed
332 1412 406 1441 nec
441 1400 528 1456 ipse
566 1400 816 1456 intellegam,
853 1405 928 1443 aut
965 1406 1074 1443 certe
1111 1400 1238 1442 etiam
1275 1399 1478 1442 hereticos
1513 1398 1699 1445 adiuuet,
1739 1399 1808 1454 qui

224 1471 444 1520 propterea
477 1466 724 1521 persuadere
757 1472 964 1510 conantur
993 1466 1048 1508 ab
1081 1465 1193 1508 omui
1228 1479 1337 1508 noxa
1370 1479 1495 1521 puras
1529 1479 1613 1507 esse
1648 1465 1807 1507 animas

225 1532 509 1586 paruulorum,
537 1545 587 1574 ne
612 1532 768 1575 scilicet
792 1533 938 1576 eadem
963 1546 1073 1575 noxa
1098 1532 1140 1574 in
1164 1537 1379 1574 auctorem
1404 1532 1529 1575 deum
1555 1538 1740 1573 recurrat
1766 1538 1804 1571 et

224 1597 380 1645 redeat,
410 1599 522 1653 quod
551 1598 734 1641 insontes
762 1598 936 1650 animas,
966 1598 1116 1655 quibus
1145 1611 1218 1641 nec
1246 1598 1459 1640 lauacrum
1488 1597 1807 1652 regenerationis

223 1662 529 1708 subuenturum
552 1678 639 1707 esse
663 1665 899 1720 praesciuit,
923 1665 1062 1708 dando
1087 1664 1200 1706 carni
1224 1663 1444 1719 peccatrici
1467 1678 1553 1706 esse
1577 1661 1806 1717 conpulerit

223 1729 472 1786 peccatrices
504 1730 617 1773 nulla
648 1730 914 1786 baptismatis
944 1730 1079 1787 gratia
1109 1730 1381 1777 subuentura,
1415 1744 1495 1785 qua
1528 1729 1754 1772 liberentur
1784 1742 1807 1769 a

223 1796 494 1839 damnatione
530 1801 745 1852 perpetua,
784 1798 951 1853 quando
989 1796 1157 1852 quidem
1193 1796 1513 1838 innumerabiles
1550 1795 1711 1837 animae
1751 1794 1809 1835 in·

225 1861 404 1910 fantum,
431 1867 660 1918 antequam
685 1863 966 1918 baptizentur,
992 1864 1043 1904 de
1069 1862 1309 1918 corporibus
1335 1868 1502 1903 exeunt.
1547 1861 1654 1903 absit
1683 1860 1805 1903 enim.

225 1932 273 1970 ut
305 1928 383 1971 hoc
417 1929 558 1972 uolens
592 1929 747 1992 diluere
780 1930 916 1972 dicam
952 1942 1057 1983 quae
1092 1929 1176 1983 ipse
1210 1927 1367 1973 dixisti,
1405 1927 1526 1982 ‘quod
1563 1926 1699 1968 anima
1738 1940 1808 1980 per

225 2006 390 2036 carnem
423 1994 619 2037 meruerit
652 1994 859 2050 inquinari
892 1999 933 2037 et
965 2007 1051 2036 esse
1084 1993 1295 2049 peccatrix
1328 1993 1486 2034 nullum
1520 1991 1676 2034 liabens
1709 1998 1806 2033 ante

226 2066 459 2114 peccatum,
493 2073 575 2115 quo
606 2066 715 2103 recte
757 2060 796 2102 id
838 2060 1033 2102 meruisse
1072 2059 1265 2105 dicatur‘,
1305 2065 1346 2100 et
1389 2057 1511 2114 ‘quod
1554 2058 1679 2099 etiam
1721 2057 1805 2099 sine

226 2125 435 2180 baptismo
471 2125 686 2181 originalia
722 2131 893 2181 peccata
927 2125 1158 2167 soluantur²
1193 2129 1235 2166 et-
1273 2124 1396 2179 ‘quod
1434 2135 1604 2179 regnum
1642 2136 1806 2178 quoque

225 2192 434 2234 caelorum
459 2204 542 2233 non
568 2191 793 2247 baptizatis
819 2191 861 2233 in
886 2191 967 2233 fine
992 2190 1230 2233 tribuatur&
1273 2190 1373 2232 haec
1406 2195 1535 2245 atque
1570 2188 1805 2231 huiusmodi

327 2309 347 2343 2
365 2309 419 2345 Ps.
439 2310 491 2352 48,
515 2310 556 2345 13
668 2311 686 2344 7
705 2309 747 2345 cf.
770 2309 871 2345 Rom.
889 2310 919 2352 8,
941 2309 982 2343 13
1083 2310 1124 2344 18
1140 2308 1183 2344 cf.
1204 2318 1282 2354 pag.
1299 2308 1376 2349 356,
1397 2309 1434 2342 11
1531 2308 1572 2343 20
1588 2306 1631 2343 ci.
1650 2306 1718 2342 Tit.
1736 2307 1767 2346 3,
1786 2307 1805 2340 ὃ

227 2367 269 2403 25
286 2368 386 2405 vinc.
399 2368 522 2405 Victor

331 2465 347 2499 1
365 2463 543 2511 intelligat
554 2465 585 2500 E
663 2465 684 2499 2
702 2463 818 2509 palmo
831 2464 859 2498 C
935 2463 957 2498 3
973 2463 1142 2498 iumentis
1157 2463 1234 2508 (3.1.
1251 2462 1263 2498 1
1281 2461 1479 2507 pecoribus)
1492 2461 1510 2495 I
1575 2461 1762 2495 insentatis
1776 2462 1805 2494 ,1

227 2524 248 2558 4
264 2522 328 2570 eis]
343 2522 411 2559 illis
425 2522 566 2559 BOITd
639 2524 661 2558 6
678 2523 720 2559 de
738 2523 806 2570 his]
822 2523 897 2559 deis
911 2522 942 2557 B
1032 2522 1156 2569 quiaC'
1240 2521 1350 2557 solam
1370 2522 1482 2556 uitam
1496 2521 1562 2556 ΕΗ
1640 2520 1661 2553 O
1679 2519 1805 2565 tutius]

227 2582 341 2618 tocius
352 2584 385 2618 A
402 2582 554 2620 totiusC'
569 2583 690 2630 potius
704 2583 874 2620 1311!de
935 2583 1027 2618 hanc
1042 2581 1293 2618 infirmitatem
1310 2591 1410 2616 suam
1423 2581 1440 2616 b
1513 2582 1552 2615 10
1570 2578 1754 2614 confidant
1779 2579 1807 2613 Ε

229 2642 271 2678 11
287 2641 423 2691 itaque]
438 2642 534 2678 enim
547 2642 566 2678 I
644 2642 883 2688 praesentioni
895 2643 927 2678 A
992 2641 1138 2678 iuuenili
1153 2640 1283 2676 Blde
1353 2641 1394 2676 12
1412 2639 1454 2675 de
1472 2640 1535 2674 hoe
1553 2638 1582 2672 13
1651 2639 1690 2673 15
1708 2638 1806 2673 nolu-

227 2702 370 2738 eruntC
425 2703 467 2739 19
484 2703 588 2738 necC
642 2703 684 2739 20
701 2702 910 2748 insonantes
921 2702 956 2737 H
971 2702 1061 2747 (emp.
1072 2703 1145 2746 ml)
1208 2700 1412 2736 laum-hrum
1425 2699 1453 2734 C
1514 2700 1552 2733 21
1575 2697 1761 2743 praestiuit
1773 2698 1803 2731 Α

227 2761 343 2797 earnis
353 2762 386 2798 A
471 2762 515 2797 22
531 2766 734 2808 peccatores
748 2761 778 2796 B
862 2761 1051 2798 libenterC
1149 2761 1192 2796 23
1208 2760 1401 2795 iniantium
1416 2758 1466 2794 EI
1564 2759 1606 2792 25
1623 2757 1762 2793 deluere
1777 2756 1806 2790 B

228 2821 271 2856 27
288 2820 384 2868 quod
397 2819 477 2857 Bob
563 2821 726 2858 dicamur
737 2822 770 2856 A
848 2822 892 2858 28
908 2821 1089 2858 soluentur
1101 2822 1132 2856 A
1211 2820 1254 2855 29
1271 2819 1379 2855 finem
1397 2817 1475 2853 BCI
