2028 3204
778 259 854 296 cap.
887 248 941 290 55,
970 247 1113 291 65-57,
1143 249 1186 284 67
1694 237 1776 280 283

297 378 360 419 66.
387 376 514 419 Porro
538 375 572 417 si
595 375 648 418 ab
672 374 761 417 istis
786 374 851 417 uel
874 375 951 416 hoe
976 373 1263 430 impetramus,
1290 379 1334 416 ut
1361 373 1548 416 nondum
1573 373 1778 429 baptizati

191 442 413 499 implorent
441 441 644 485 auxilium
670 440 830 497 gratiae
857 440 1093 484 saluatoris,
1123 453 1204 481 non
1234 444 1295 481 est
1325 439 1402 481 hoc
1431 439 1599 494 quidem
1630 453 1777 495 parum

189 509 390 552 aduersus
439 507 552 550 illam
604 506 751 549 falsam
800 505 1084 548 defensionem
1134 511 1353 560 tamquam
1404 505 1481 547 sibi
1531 505 1777 548 sufficientis

190 580 366 617 naturae
383 580 424 616 et
443 572 665 629 potestatis
685 571 800 614 liberi
817 571 998 620 arbitrii3
1017 583 1151 627 neque
1168 571 1278 613 enim
1296 570 1374 612 sibi
1391 571 1547 613 suffieit
1569 571 1638 627 qui
1656 571 1777 613 dicit:

190 639 427 683 infelix
477 637 669 682 homo!
733 637 869 693 quis
924 651 1003 679 me
1070 636 1415 679 liberabit?
1486 643 1558 679 aut
1613 637 1777 692 plenam

173 706 431 761 ,libertatem
460 705 613 747 habere
642 703 842 746 dicendus
887 708 963 751 est,
1011 703 1080 758 qui
1129 716 1171 745 se
1216 702 1352 744 adhuc
1383 702 1570 758 postulat
1602 702 1778 745 liberari.

299 789 409 831 LVI.
443 788 597 830 Verum
641 793 782 830 tamen
817 786 945 829 etiam
979 786 1078 829 illud
1131 786 1363 835 uideamus,
1416 791 1557 829 utrum
1607 786 1663 828 illi
1708 785 1778 842 qui

192 854 395 911 baptizati
417 860 515 897 sunt
538 853 696 896 faciant
719 853 828 895 bona
852 866 957 908 quae
978 852 1127 895 uolunt
1150 852 1260 895 nulla
1285 851 1420 894 carnis
1442 852 1778 908 concupiscentia

191 926 462 977 repugnante.
503 921 575 962 sed
601 919 697 974 quid
724 918 820 961 hinc
842 918 1044 963 dicamus.
1069 918 1156 974 ipse
1179 924 1495 965 commemorat,
1520 918 1591 960 ubi
1615 918 1780 960 conclu-

191 987 292 1029 dens
324 987 434 1028 hune
467 986 622 1028 locum:
654 989 698 1027 ut
726 984 921 1034 discimus,
949 984 1098 1040 inquit,
1125 984 1228 1026 illud
1257 997 1333 1037 quo
1363 984 1611 1026 continetur:
1643 997 1703 1027 ca
1720 996 1740 1024 r
1760 998 1780 1025 o

190 1051 585 1105 concupiscit
630 1050 930 1093 aduersus
962 1050 1272 1105 spiritum,
1317 1063 1400 1091 non
1435 1049 1482 1091 de
1518 1050 1652 1092 carnis
1688 1049 1780 1092 sub-

190 1118 353 1168 stant-iu,
374 1117 443 1159 sed
461 1117 508 1159 de
527 1116 712 1170 operibus
731 1117 877 1158 sentire
895 1130 1050 1158 necesse
1069 1121 1135 1158 est.
1173 1116 1251 1158 hoc
1271 1122 1313 1158 et
1334 1130 1407 1158 nos
1427 1116 1604 1158 dicimus
1626 1130 1707 1158 non
1728 1117 1779 1158 de

191 1183 326 1226 carnis
349 1183 601 1233 substantia,
623 1184 692 1225 sed
716 1183 767 1225 de
790 1183 983 1238 operibus
1004 1182 1180 1227 dictum.
1217 1195 1324 1237 quae
1356 1181 1530 1224 ueniunt
1553 1183 1603 1224 de
1626 1181 1784 1224 carnali

190 1249 541 1305 eom-upiseentia,
567 1250 618 1291 de.
644 1254 816 1304 peccato
841 1248 1010 1297 scilicet,
1036 1249 1087 1290 de
1114 1262 1197 1303 quo
1225 1246 1427 1303 praecipit
1453 1254 1500 1290 ut
1527 1262 1608 1290 non
1637 1254 1779 1303 regnet

149 1327 158 1334 ·
193 1316 230 1358 in
261 1321 402 1358 nostro
430 1315 600 1357 mortali
626 1328 797 1370 corpore
824 1315 874 1356 ad
907 1314 1213 1356 oboediendum
1240 1313 1453 1356 desideriis
1482 1313 1582 1356 eiuS.

298 1398 429 1441 LVII..
447 1398 508 1441 67.
539 1399 617 1440 Sed
639 1398 845 1440 adtendat
863 1397 990 1440 etiam
1008 1397 1094 1453 ipse
1112 1397 1193 1439 iam
1212 1397 1438 1452 baptizatis
1457 1397 1581 1439 fuisse
1597 1397 1780 1439 dictum:

192 1478 330 1507 earo
385 1464 793 1519 concupiscit
847 1464 1150 1506 aduersus
1206 1462 1507 1518 spiritum
1561 1468 1619 1505 et
1671 1462 1787 1518 spi-

194 1531 358 1572 ritus
395 1531 698 1572 aduersus
736 1543 992 1580 carnem,
1035 1535 1237 1572 utnon
1284 1543 1344 1570 ea
1399 1542 1550 1584 quae
1575 1528 1779 1571 uultis

194 1597 209 1637 f
224 1611 247 1638 a
266 1610 286 1638 e
306 1596 317 1637 i
335 1611 356 1638 a
378 1602 391 1638 t
416 1595 475 1637 is.
511 1601 551 1637 et
578 1610 629 1637 ne
655 1596 708 1637 ab
736 1595 825 1650 ipsa
851 1609 990 1651 pugna
1017 1595 1178 1637 desides
1207 1595 1359 1636 faceret
1388 1601 1429 1637 et
1457 1609 1529 1650 per
1553 1595 1661 1636 hane
1688 1609 1780 1637 sen-

123 1695 139 1703 -
192 1662 369 1705 tentiam
390 1662 678 1704 laxamentum
704 1661 903 1716 peccandi
926 1662 1087 1703 dedisse
1113 1660 1337 1710 uideretur,
1364 1660 1575 1716 adiungit:
1603 1673 1672 1715 qu
1694 1676 1716 1702 o
1735 1661 1781 1702 d-

193 1727 239 1769 si
264 1727 501 1783 spiritu
536 1726 853 1777 ducimini,
895 1741 1005 1769 non
1047 1727 1242 1769 adhuc
1286 1726 1444 1769 estis
1484 1727 1778 1781 sublege.

193 1794 269 1836 sub
290 1793 376 1849 lege
398 1799 460 1835 est
481 1793 604 1842 enim,
629 1793 702 1848 qui
722 1793 870 1835 timore
888 1792 1081 1848 supplicii
1102 1792 1300 1847 quorFIeX
1313 1792 1510 1837 minatur.
1535 1806 1617 1835 non
1640 1806 1779 1834 umore

194 1858 378 1902 iustitiae
393 1873 434 1900 se
449 1858 577 1901 sentit
592 1858 800 1901 abstinere
815 1859 868 1900 ab
884 1872 1005 1914 opere
1020 1858 1195 1914 peccati,
1211 1858 1398 1901 nondum
1414 1858 1517 1900 liber
1532 1873 1605 1901 nec
1621 1859 1780 1900 alienus

194 1939 218 1967 a
242 1925 460 1968 uoluntate
484 1924 696 1979 peccandi.
738 1923 777 1967 in
802 1924 893 1980 ipsa
915 1924 1026 1967 enim
1050 1924 1270 1978 uoluntate
1296 1938 1387 1966 reus
1412 1931 1488 1974 est,
1514 1938 1598 1979 qua
1622 1924 1779 1973 mallet,

194 1990 228 2032 si
254 1989 344 2032 fieri
369 1997 521 2046 posset,
549 2004 630 2032 non
658 2005 744 2032 esse
772 1991 882 2045 quod
910 1990 1058 2032 timeat
1086 1996 1147 2039 ,ut
1174 1990 1299 2032 libere
1327 1989 1451 2032 faciat
1481 1991 1592 2044 quod
1620 1990 1779 2032 occulte

194 2055 416 2098 desiderat.
438 2069 534 2111 ergo
561 2070 578 2096 s
598 2055 611 2097 i
635 2070 697 2111 sp
718 2055 767 2097 ir
786 2056 800 2097 i
817 2061 834 2097 t
854 2070 892 2103 u,
915 2055 1065 2110 inquit,
1084 2056 1109 2097 d
1130 2070 1156 2098 u
1174 2070 1194 2097 c
1213 2056 1226 2097 i
1244 2070 1283 2097 ιιι
1302 2055 1316 2096 i
1334 2069 1357 2097 n
1378 2055 1403 2105 i,
1439 2070 1462 2098 n
1483 2070 1550 2098 on
1585 2070 1609 2097 a
1626 2056 1651 2097 d
1671 2056 1696 2097 h
1717 2069 1743 2098 u
1761 2069 1781 2097 c

195 2135 215 2163 e
233 2135 251 2162 s
268 2127 286 2163 t
304 2121 351 2163 is
386 2135 404 2163 s
423 2135 449 2163 u
467 2121 492 2162 b
523 2121 573 2162 le
590 2135 616 2176 g
633 2136 667 2170 e,
707 2121 853 2176 utique
873 2121 973 2174 lege,
997 2134 1102 2176 quae
1123 2121 1318 2163 timorem
1338 2120 1504 2171 incutit,
1527 2135 1609 2164 non
1631 2121 1782 2164 tribuit

195 2186 429 2237 caritatem,
458 2199 564 2242 quae
590 2186 742 2228 caritas
768 2186 835 2228 dei
860 2186 1015 2228 diffusa
1042 2192 1105 2229 est
1131 2187 1172 2230 in
1199 2187 1393 2230 cordibus
1420 2187 1572 2230 nostris
1600 2201 1682 2230 non
1710 2201 1783 2242 per

284 2342 306 2376 ὁ
323 2341 425 2376 Rom.
442 2342 475 2381 7,
492 2343 534 2376 24
598 2342 639 2376 10
658 2340 818 2386 Pelagius
883 2341 960 2377 Gal.
979 2341 1011 2382 5,
1033 2342 1071 2377 17
1135 2343 1175 2377 14
1190 2342 1235 2377 ci.
1255 2341 1358 2377 Rom.
1376 2342 1408 2382 6,
1428 2343 1468 2377 12
1534 2342 1572 2377 17
1594 2341 1670 2377 Gal.
1688 2342 1721 2383 5,
1742 2343 1780 2377 17

199 2401 252 2436 20.
273 2400 313 2436 26
333 2400 412 2436 Gal.
427 2401 460 2442 5,
480 2402 520 2436 18
614 2402 657 2436 28
675 2400 718 2436 cf.
739 2401 842 2436 Rom.
859 2401 891 2442 5,
906 2401 928 2436 5

290 2516 306 2550 1
326 2513 529 2560 inperamus
543 2515 575 2549 D
663 2516 684 2550 4
701 2514 854 2561 potestis
871 2515 899 2549 B
984 2514 1075 2550 libiri
1089 2515 1120 2550 B
1140 2514 1280 2559 libergri
1292 2516 1323 2550 E
1409 2515 1430 2550 5
1445 2514 1585 2561 infelix]
1602 2516 1745 2561 addaego
1764 2516 1782 2549 b

203 2574 225 2608 8
241 2572 365 2609 ficiunt
377 2574 408 2608 V
520 2575 543 2610 9
558 2573 621 2620 qui
632 2574 719 2610 le
834 2576 876 2610 10
892 2574 988 2620 quod
999 2574 1154 2611 LDmlB
1265 2578 1300 2612 11
1316 2574 1486 2611 aduersus
1505 2576 1579 2620 (sus
1593 2585 1619 2610 s.
1633 2574 1654 2610 l.
1665 2575 1736 2619 ηεξ)
1750 2574 1780 2609 1⁷

205 2634 250 2670 13
265 2632 414 2679 carnali]
430 2634 543 2670 carnis
562 2635 616 2680 (in
627 2645 694 2680 my.
707 2633 741 2670 al
757 2634 932 2679 carnum
1008 2637 1051 2671 14
1068 2633 1244 2681 praecipit
1259 2636 1327 2680 (pr.
1345 2634 1356 2670 i
1372 2645 1414 2671 ex
1427 2636 1464 2681 e)
1481 2635 1602 2670 Dm‘2V
1625 2634 1784 2681 precepit

205 2692 344 2729 RC'Ebd
405 2694 446 2730 16
468 2693 554 2740 Sed]
574 2693 650 2730 Nec
671 2694 689 2729 b
746 2693 907 2731 attendit
929 2695 948 2729 b
1014 2695 1056 2731 19
1076 2694 1123 2730 ab
1148 2694 1238 2741 ipsa]
1264 2694 1353 2731 absa.
1367 2695 1396 2730 B
1458 2696 1496 2730 21
1519 2694 1602 2729 estis
1618 2694 1735 2730 adhuc
1751 2694 1781 2729 1⁷

201 2753 246 2789 24
260 2751 424 2799 peccanti
437 2751 523 2789 Rm1
628 2763 735 2800 quam
750 2754 779 2789 L
879 2755 920 2790 27
937 2754 1062 2800 utique
1074 2755 1186 2801 legem
1205 2755 1235 2789 Β
1339 2755 1381 2791 28
1398 2757 1679 2790 non—sanctum
1694 2753 1780 2789 le

200 2811 242 2848 in
256 2814 362 2854 tenu,
378 2804 404 2847 fi
418 2822 480 2860 por
494 2812 571 2859 lege
585 2812 703 2859 littere
720 2812 782 2850 sed
798 2824 860 2860 per
876 2814 950 2859 lege
971 2804 1032 2860 {13}
1047 2805 1100 2850 ἧί
1114 2814 1154 2850 in
1167 2825 1234 2861 ηις.
1255 2813 1343 2850 Bm?
1366 2824 1437 2850 non
1462 2825 1523 2860 per
1543 2813 1617 2859 lege
1639 2814 1694 2858 (in
1715 2824 1781 2860 ηις.

202 2871 259 2907 m2
274 2881 337 2919 por
357 2869 457 2919 legis)
469 2872 588 2918 litoerc
599 2871 661 2908 sed
676 2884 738 2920 per
751 2872 827 2920 lege,
836 2863 915 2919 s—psn
928 2864 1005 2909 ειῖιῖ
1019 2873 1050 2909 V
