2028 3204
252 193 339 236 368
701 203 758 239 IV.
794 203 846 238 De
878 207 1006 239 natura
1033 206 1071 239 et
1102 202 1232 249 origine
1263 202 1400 238 animae

360 331 420 371 10.
438 329 529 372 Noli
549 329 711 371 credere
730 342 803 370 nec
822 328 955 371 dicere
973 342 1047 370 nec
1065 328 1210 370 docere
1230 328 1425 371 ‘animam
1438 341 1510 383 per
1527 341 1691 371 carnem
1714 342 1828 384 repa-

252 408 341 437 rare
365 395 654 437 habitudinem
679 394 856 448 priscam
881 399 921 436 et
947 407 1019 449 per
1041 393 1154 436 illam
1179 393 1348 445 renasci,
1373 406 1446 449 per
1469 407 1595 449 quam
1619 401 1826 437 meruerat

254 460 490 515 inquinari‘,
509 460 542 501 si
562 459 624 502 uis
642 472 727 501 esse
745 458 984 501 catholicus.
1007 464 1053 501 ut
1072 459 1181 500 enim
1200 459 1394 501 omittam
1411 459 1452 501 in
1471 472 1518 501 eo
1537 459 1647 514 quod
1665 459 1825 502 dixisti:

253 526 390 567 ‘merito
409 539 496 579 erqo
515 539 585 578 per
603 538 761 567 earnem
778 525 954 578 priscam
971 529 1130 578 reparat
1148 524 1432 574 habitudinem,
1453 537 1572 578 quam
1590 525 1682 567 uisa
1699 525 1828 578 suerat

252 590 462 644 paulisper
483 591 669 632 amisisse
689 603 761 643 per
781 603 950 641 earnem,
974 593 1017 632 ut
1037 603 1107 643 per
1128 603 1214 631 eam
1236 589 1409 643 incipiat
1428 590 1595 640 renasci,
1618 604 1689 644 per
1708 604 1825 644 quam
1853 602 1870 631 5

253 660 447 698 meruerat
480 656 702 709 inquinari,
738 661 826 698 tam
859 655 901 697 in
935 655 1125 710 proximo
1157 660 1199 696 te
1232 655 1367 710 ipsum
1401 654 1478 697 tibi
1511 655 1589 710 ipsi
1621 655 1827 698 exstitisse

252 721 520 771 contrarium,
552 726 598 763 ut
627 722 751 763 homo
781 721 852 776 qui
880 720 1003 776 paulo
1033 726 1131 763 ante
1159 720 1321 762 dixeras
1350 720 1533 763 animam
1562 733 1634 775 per
1661 733 1825 763 carnem

251 800 440 841 reparare
466 791 625 829 statum
653 800 726 842 per
751 800 877 841 quam
905 786 1141 841 perdiderat
1164 785 1359 827 meritum
1384 811 1435 815 —
1460 785 1529 828 ubi
1564 785 1676 828 nullo
1703 787 1826 829 modo

256 857 394 907 potest
424 852 500 894 nisi
529 852 684 894 bonum
714 852 907 894 meritum
935 851 1130 905 intellegi,
1161 851 1272 906 quod
1302 851 1362 893 uis
1391 851 1535 906 utique
1564 864 1635 906 per
1662 864 1825 894 carnem

258 918 299 959 in
322 917 576 972 baptismate
594 918 773 972 reparari
794 943 858 966 —,
878 930 1016 959 rursus
1037 930 1127 959 eam
1145 917 1298 958 diceres
1317 916 1523 971 inquinari
1541 917 1735 959 meruisse
1755 930 1827 972 per
1855 926 1894 957 ιο

252 996 418 1025 carnem
430 1008 481 1012 —
494 982 563 1025 ubi
576 983 658 1025 iam
675 996 756 1025 non
769 987 906 1038 potest
920 982 1088 1033 bonum,
1101 982 1170 1024 sed
1184 981 1339 1023 malum
1357 982 1551 1024 meritum
1569 981 1749 1036 intellegi
1765 1007 1824 1030 —,

254 1054 301 1090 ut
324 1062 417 1100 ergo
440 1048 480 1089 id
503 1048 711 1098 omittam,
734 1061 899 1103 prorsus
922 1047 987 1089 uel
1007 1047 1161 1089 bonum
1186 1047 1250 1089 uel
1271 1046 1426 1089 malum
1448 1047 1642 1090 meritum
1665 1047 1826 1089 credere

253 1114 446 1156 habuisse
476 1113 659 1155 animam
689 1118 786 1155 ante
815 1126 979 1155 carnem
1010 1112 1260 1155 catholicum
1291 1126 1372 1154 non
1403 1118 1475 1154 est.

364 1178 482 1220 VIII.
509 1180 569 1221 11.
611 1178 706 1220 Noli
742 1179 903 1220 credere
939 1191 1013 1219 nec
1050 1178 1183 1219 dicere
1220 1191 1292 1219 nec
1330 1178 1486 1226 docere,
1527 1177 1650 1232 ‘quod
1688 1178 1827 1219 anima

254 1246 450 1286 meruerit
469 1257 554 1286 esse
582 1244 792 1299 peccatrix
814 1248 911 1286 ante
937 1256 1058 1285 omne
1084 1243 1330 1298 peccatum‘‚
1349 1243 1382 1284 si
1401 1241 1463 1284 uis
1482 1255 1567 1284 esse
1585 1242 1822 1285 catholicus.
1855 1253 1892 1283 15

254 1309 375 1352 ualde
413 1310 521 1351 enim
560 1309 716 1352 malum
754 1309 948 1351 meritum
988 1313 1049 1350 est
1087 1308 1282 1350 meruisse
1319 1308 1408 1350 fieri
1446 1308 1728 1363 peccatricem.
1785 1314 1824 1349 et

255 1375 398 1430 utique
425 1382 514 1417 tam
541 1375 697 1417 malum
725 1375 919 1417 meritum
947 1373 1059 1416 nullo
1086 1374 1210 1416 modo
1238 1373 1389 1415 habere
1416 1373 1554 1428 potuit
1581 1378 1678 1415 ante
1706 1386 1826 1415 omne

252 1445 483 1495 peccatum,
536 1440 778 1495 praesertim
829 1440 1071 1495 priusquam
1123 1439 1282 1482 ueniret
1331 1439 1373 1480 in
1425 1452 1604 1489 carnem,
1658 1438 1824 1493 quando

254 1506 448 1548 meritum
483 1520 556 1548 nec
590 1506 745 1548 malum
779 1506 917 1560 potuit
951 1505 1102 1548 habere
1135 1518 1208 1546 nec
1242 1504 1409 1546 bonum.
1461 1504 1668 1558 quomodo
1702 1503 1826 1557 igitur

253 1571 373 1613 dicis:
422 1572 561 1613 anima
601 1572 732 1625 itaque
772 1571 810 1613 si
848 1571 1048 1624 peccatrioe
1078 1584 1158 1612 esse
1198 1570 1352 1620 meruit,
1386 1583 1484 1623 quae
1514 1569 1714 1622 peccatrix
1743 1582 1824 1611 esse
1851 1580 1892 1609 20

251 1650 334 1678 non
360 1637 500 1690 potuit,
531 1650 654 1690 neque
682 1637 728 1678 in
756 1641 910 1689 peccato
938 1636 1141 1685 remansit,
1171 1635 1267 1688 quia
1295 1635 1341 1676 in
1369 1634 1525 1676 Christo
1554 1634 1825 1688 praesiyurata

254 1703 300 1743 in
321 1707 477 1755 peccato
500 1716 581 1744 esse
602 1715 684 1744 non
706 1701 848 1752 debuit,
872 1703 975 1743 sicut
997 1715 1078 1743 esse
1099 1714 1180 1742 non
1201 1700 1360 1753 potuit?
1397 1700 1568 1742 attende
1591 1699 1690 1754 quid
1713 1699 1824 1741 dicas

254 1772 296 1808 et
315 1767 468 1809 desiste
488 1767 571 1809 iam
590 1767 734 1809 dicere.
773 1767 980 1821 quomodo
1001 1766 1109 1807 enim
1128 1765 1278 1807 meruit
1299 1770 1339 1806 et
1360 1765 1566 1819 quomodo
1586 1778 1667 1806 non
1688 1764 1824 1819 potuit

255 1845 340 1874 esse
368 1832 609 1888 peccatrix?
655 1832 876 1887 quomodo,
908 1845 1059 1886 quaeso
1088 1836 1142 1881 te,
1173 1830 1383 1885 peccatrix
1411 1843 1496 1872 csse
1524 1830 1686 1879 meruit,
1718 1843 1823 1884 quae

254 1897 361 1939 male
391 1911 473 1939 non
511 1897 647 1940 uixit?
710 1897 931 1952 quomodo,
963 1909 1115 1951 quaeso
1146 1901 1200 1942 te,
1231 1895 1442 1950 peccatrix
1470 1895 1583 1937 facta
1612 1900 1686 1944 est,
1718 1907 1823 1949 quae
1850 1905 1891 1935 25

253 1963 463 2017 peccatrix
484 1976 569 2005 esse
588 1976 670 2005 non
681 1962 851 2018 potuit?
871 1967 945 2004 aut
965 1962 998 2003 si
1021 1962 1115 2003 ‘non
1133 1959 1287 2016 potuit‘
1310 1961 1400 2002 ideo
1422 1960 1535 2010 dieis,
1549 1960 1645 2015 quia
1663 1965 1825 2014 praeter

254 2042 418 2070 carnem
439 2042 522 2070 non
542 2028 695 2083 potuit,
717 2028 924 2083 quomodo
945 2040 1037 2082 ergo
1058 2026 1208 2069 meruit
1228 2039 1313 2068 esse
1332 2025 1554 2081 peccatriX,
1575 2038 1656 2080 quo
1676 2025 1823 2067 merito

257 2094 296 2135 in
322 2107 485 2135 carnem
509 2094 758 2143 mitteretur,
784 2093 950 2147 quando
975 2092 1142 2147 quidem
1165 2096 1262 2134 ante
1285 2104 1450 2133 carnem
1473 2104 1554 2133 non
1577 2090 1715 2145 potuit
1738 2103 1824 2132 esse

256 2159 478 2213 peccatrix,
511 2159 619 2201 unde
648 2158 746 2200 mali
776 2158 932 2213 aliquid
960 2157 1215 2199 mereretur?

344 2262 375 2295 1.
402 2261 423 2295 4
449 2259 549 2294 Vinc.
576 2258 710 2300 Vict0r;
737 2259 780 2294 cf.
807 2269 886 2304 pag.
903 2258 980 2301 307,
1002 2258 1051 2293 12.
1071 2258 1147 2299 345,
1166 2257 1187 2292 5
1339 2257 1392 2292 14.
1419 2257 1460 2291 20
1488 2255 1587 2291 Vinc.
1614 2254 1747 2295 Victor;
1773 2255 1817 2290 cf.

252 2329 332 2365 pag.
361 2319 437 2360 308,
458 2319 510 2354 21.
527 2319 604 2359 346,
625 2319 646 2353 3

342 2391 360 2425 1
378 2389 451 2425 noli
465 2389 576 2426 dicere
591 2389 703 2424 BCEI
708 2389 759 2424 Tb
813 2388 870 2424 alt.
883 2388 961 2435 nec]
977 2387 1047 2424 noli
1060 2387 1197 2423 BCITb
1260 2388 1280 2423 4
1290 2385 1550 2423 beatitudinem
1558 2385 1652 2420 BCT
1705 2394 1776 2431 qua
1789 2383 1820 2419 Β

258 2449 319 2494 qui
330 2448 358 2483 C'
455 2449 476 2484 6
493 2452 533 2484 tu
544 2449 563 2483 b
658 2448 731 2494 ipse
740 2447 798 2483 Hb
888 2447 1045 2483 extitisti
1058 2446 1138 2482 BGb
1221 2447 1240 2482 7
1258 2450 1341 2483 ante
1357 2445 1463 2492 paulo
1474 2445 1505 2481 E
1589 2445 1610 2480 8
1625 2444 1820 2491 repararis:

257 2510 279 2544 9
294 2508 460 2544 meritum
477 2508 610 2543 bonum
627 2508 658 2542 E
716 2506 1014 2554 quod—intellegi
1031 2507 1069 2542 in
1084 2518 1150 2553 my.
1167 2506 1265 2543 sz
1337 2506 1379 2541 10
1393 2505 1520 2542 diceris
1530 2504 1622 2540 Hm]
1685 2504 1726 2540 11
1743 2502 1818 2550 sed]

257 2568 315 2603 uel
327 2567 359 2603 Β
420 2566 791 2613 intellegi—meritum
808 2578 870 2603 om.
885 2565 953 2602 ΒΗ
1015 2567 1057 2602 12
1074 2565 1213 2602 crediH
1284 2566 1325 2600 13
1341 2564 1479 2601 abuisse
1491 2565 1523 2599 D
1580 2566 1663 2599 ante
1678 2573 1817 2599 carnem

258 2627 414 2662 animam
425 2627 457 2662 B
549 2628 591 2663 15
607 2627 777 2662 meruitT
878 2626 919 2662 16
935 2629 972 2661 et
987 2626 1112 2670 utique
1127 2625 1308 2670 admalum
1323 2624 1351 2670 (i
1365 2635 1394 2660 s.
1410 2633 1433 2668 a
1443 2622 1561 2666 m2ffl
1645 2623 1687 2658 17
1703 2622 1822 2668 potuit

255 2687 384 2722 habere
396 2687 428 2722 E
519 2687 563 2722 20
578 2686 746 2722 meruerit
759 2687 812 2721 Ab
895 2685 1142 2720 meruit—esse
1158 2695 1224 2720 om.
1237 2684 1266 2719 0
1355 2684 1395 2719 21
1415 2681 1549 2729 potuit]
1563 2682 1641 2718 add.
1662 2685 1780 2717 tamen
1795 2681 1818 2716 d

255 2750 439 2792 peccatore
455 2746 590 2782 mansit
600 2746 666 2781 AD
723 2747 762 2782 24
781 2745 896 2792 qmale
911 2745 954 2791 (s.
965 2744 987 2781 1.
1004 2754 1048 2790 ue
1064 2744 1152 2780 inter
1166 2754 1190 2789 q
1206 2745 1235 2779 et
1248 2742 1345 2788 m)H
1406 2741 1596 2779 25malfio
1650 2741 1691 2778 27
1707 2740 1818 2788 queE

256 2807 300 2841 28
317 2809 399 2841 ante
417 2805 468 2840 bis
483 2816 563 2850 pon.
582 2805 614 2840 B
686 2805 730 2842 29
745 2803 880 2851 aliquid
896 2803 979 2839 mali
994 2804 1024 2839 T
