2028 3204
255 249 334 292 668

672 249 736 284 lll.
767 249 873 284 Index
899 248 1086 284 uerborum
1110 253 1145 283 et
1170 248 1406 283 elocutionum

302 371 367 404 huc
394 380 501 414 nsque
525 373 576 403 est
601 368 646 403 ad
664 378 733 402 rem
755 367 839 409 159,
866 369 917 403 21.
937 368 1004 403 huc
1076 366 1214 402 iactito:
1249 366 1343 412 quod
1375 377 1438 401 nos
1469 365 1581 401 dicere
1612 365 1776 401 iactitant
1809 365 1823 400 Ι

302 440 409 473 usque
431 428 485 462 ille
507 427 612 462 uerba
633 438 710 461 mea
732 427 847 472 posuit
871 426 905 461 II
927 428 1002 468 257,

304 490 353 523 14.
392 486 678 521 commemorauit
706 486 740 520 II
765 487 839 527 281,
867 488 917 522 14.

256 558 456 594 hnmanitas
469 557 600 592 titulus:
614 568 680 602 ago
695 557 907 592 humanitati
923 561 1004 592 tuae

301 617 429 662 gratias
449 616 461 650 I
481 618 557 657 239,
577 618 627 651 12.
659 616 860 651 humanitas
877 616 1005 651 Christi

302 677 392 721 (opp.
419 676 602 719 diuinitas)
629 675 662 710 II
690 676 762 717 191,
788 676 840 710 24.

257 735 474 770 humanitus:
512 739 550 769 ut
585 735 648 769 hoc
683 735 768 770 scire
804 735 1007 769 humanitus

303 799 451 840 nequeat
480 794 493 828 I
518 795 594 835 394,
620 796 650 829 9.

257 867 431 901 hnmanae
452 865 670 900 coniecturae
694 864 706 899 1
727 866 781 906 31,
802 866 833 900 5.
855 865 931 906 454,
953 866 1004 900 22.

301 926 336 959 in
355 924 605 959 consuetudine
623 925 790 959 sermonis
808 924 952 959 humani
972 924 1007 959 ΙΙ

303 986 357 1025 70,
382 986 434 1019 23.
474 984 616 1018 humani
642 995 761 1018 sensus
788 983 802 1018 I
829 985 881 1025 22,
907 985 938 1019 2.

258 1044 450 1078 humiditas
476 1043 490 1077 I
515 1044 591 1083 280,
618 1044 668 1078 17.

258 1103 440 1137 humidum
465 1102 670 1137 alimentum
700 1102 713 1136 1
738 1103 813 1143 342,
841 1103 891 1137 17.

258 1162 436 1197 humilitas
465 1162 606 1206 passim:
636 1162 672 1196 in
701 1162 899 1197 humilitate
929 1173 1007 1197 con-

304 1222 405 1256 fessio
433 1221 446 1255 I
470 1222 547 1262 508,
574 1223 624 1256 14.

259 1292 449 1327 humiliter:
493 1292 521 1326 si
563 1292 713 1327 fideliter
755 1296 789 1327 et
832 1292 1008 1327 humiliter

305 1352 432 1386 recolas
456 1351 470 1385 I
492 1353 568 1392 394,
591 1353 642 1387 21.
679 1352 855 1386 humiliter
877 1352 1009 1387 uolenti

308 1411 320 1445 I
339 1412 415 1452 260,
433 1411 484 1446 25.
516 1411 692 1446 humiliter
709 1411 809 1446 fateri
829 1411 842 1445 Ι
861 1412 936 1452 264,
955 1413 1006 1447 14.

305 1470 482 1516 praeloqui
502 1470 515 1504 Ι
533 1471 608 1511 357,
627 1473 657 1506 4.
689 1470 853 1505 humilius
871 1482 1007 1516 respon·

305 1530 383 1564 (lere
410 1529 425 1564 I
451 1531 526 1570 264,
554 1532 610 1571 11;
635 1531 677 1573 es.
706 1530 720 1564 I
745 1531 822 1571 380,
850 1531 899 1565 15.

260 1590 405 1624 humilio
433 1589 446 1623 I
473 1590 546 1631 125,
574 1591 623 1624 12.

260 1649 391 1683 humilo
420 1648 433 1682 Ι
461 1650 534 1690 104,
560 1650 611 1684 24.
641 1650 713 1689 167,
740 1649 791 1684 25.

261 1708 472 1753 hydropicus
498 1707 513 1742 I
538 1709 613 1749 461,
639 1709 669 1743 5.

261 1768 413 1813 hymnus
440 1767 454 1801 Ι
479 1768 554 1809 289,
581 1769 632 1802 20.

261 1838 466 1884 hypocrisis:
501 1839 589 1873 hanc
623 1839 790 1873 astutiam
825 1843 859 1874 et
892 1839 1011 1873 dolum

307 1898 506 1943 hypocrisin
532 1898 607 1933 uult
633 1898 786 1944 intellegi
814 1898 827 1932 I
857 1899 930 1939 184,
957 1899 1009 1933 22.

261 2018 370 2051 iaceo:
400 2017 436 2051 in
464 2027 534 2062 qua
560 2017 787 2062 (ignorantia)
816 2016 1013 2063 profundis-

306 2076 395 2110 sima
414 2076 503 2111 iacet
525 2076 539 2110 I
558 2077 612 2116 66,
632 2077 663 2111 8.
697 2077 797 2111 iuxta
816 2088 851 2111 se
870 2076 1013 2111 iacenti·

307 2135 372 2170 bus
394 2135 545 2170 mamnis
571 2135 586 2170 Ι
610 2136 664 2178 69,
690 2137 742 2171 27.

260 2207 365 2242 iacio:
387 2206 425 2241 in
445 2217 551 2252 quam
573 2218 608 2241 se
630 2207 906 2252 profunditatem
928 2217 1012 2241 nau-

308 2266 434 2312 fragosi
467 2266 613 2311 gurgitis
644 2266 763 2301 iecerit
799 2266 812 2301 1
846 2267 923 2307 310,
957 2267 1010 2302 29.

307 2325 378 2360 noli
403 2325 442 2359 in
469 2336 525 2360 me
554 2325 657 2360 huius
685 2325 833 2360 conuicii
860 2326 1011 2371 lapidem

308 2385 417 2420 iacere
443 2384 458 2419 Ι
482 2385 558 2426 392,
586 2386 636 2419 10.

262 2445 434 2479 iactanter
470 2443 632 2479 extollere
670 2443 937 2489 possibilitatem
976 2443 1012 2478 Il

311 2504 385 2545 165,
411 2503 463 2539 19.

262 2562 448 2598 iactantia:
481 2562 671 2597 iactantiae
702 2562 843 2597 ianuam
875 2573 1014 2608 serpens

308 2622 364 2656 ille
391 2621 567 2667 quaesiuit
595 2621 611 2656 1
638 2622 713 2663 257,
741 2622 793 2656 25.
822 2621 896 2656 sine
923 2631 1015 2656 uana

308 2681 472 2726 inanique
498 2681 668 2716 iactantia
695 2680 732 2716 II
757 2681 812 2723 37,
833 2681 884 2716 15.
915 2691 1015 2716 suam

309 2739 375 2774 sibi
397 2740 603 2776 iactantiam
626 2740 778 2775 obfuisse
803 2739 838 2774 ΙΙ
862 2740 936 2782 161,
960 2740 1012 2775 24.

310 2798 514 2834 iactantiam
551 2799 715 2835 cohibens
752 2799 961 2835 Iudaeorum
999 2797 1015 2834 1

310 2859 387 2900 204,
413 2859 443 2895 1.

1121 426 1197 467 492,
1222 427 1253 462 3.

1077 497 1185 535 iacto:
1202 507 1238 531 se
1252 496 1387 531 iactant
1402 495 1498 531 uelut
1513 496 1556 531 de
1570 506 1672 542 opere
1687 496 1825 542 proprio

1126 555 1141 590 Ι
1167 556 1241 597 209,
1270 556 1321 596 16,
1346 556 1389 599 cl.
1417 554 1452 590 11
1478 555 1552 597 106,
1579 555 1631 590 18.
1668 565 1759 601 quae
1782 555 1826 590 de

1123 615 1224 650 nobis
1249 615 1383 650 iactant
1411 613 1426 649 I
1453 615 1529 656 458,
1557 615 1610 656 20,
1636 616 1679 658 cs.
1709 614 1723 649 I
1749 615 1824 656 466,

1126 675 1176 710 19.
1202 675 1254 710 21.
1280 675 1355 715 467,
1379 675 1431 710 23.
1468 684 1538 709 non
1561 685 1596 709 se
1618 674 1824 709 iactantium

1124 745 1196 769 esse
1211 734 1305 779 quod
1320 744 1389 768 non
1404 737 1486 768 sunt
1504 733 1518 768 I
1535 734 1608 774 184,
1624 734 1677 774 27,
1692 735 1735 777 cs.
1749 734 1825 774 346,

1125 795 1178 828 20.
1200 794 1276 834 389,
1297 794 1328 828 5.
1351 794 1427 834 472,
1451 794 1501 828 14.
1523 793 1600 834 504,
1622 794 1674 828 24.
1696 793 1772 831 569.
1793 793 1824 827 5.

1127 852 1162 887 II
1178 853 1254 893 268,
1272 855 1300 888 1.
1320 854 1370 888 13.
1387 857 1573 887 assertores
1588 856 1705 887 tamen
1721 856 1827 898 atque

1125 909 1283 948 doctbres
1316 912 1493 947 iactantur
1529 911 1563 946 ΙΙ
1600 912 1674 953 184,
1708 912 1739 946 8.
1789 915 1827 946 ut

1125 971 1297 1017 copiosius
1323 983 1358 1006 se
1382 971 1492 1006 libido
1518 971 1662 1006 iactaret
1690 970 1725 1006 11
1752 971 1826 1012 221,

1127 1032 1177 1067 19.

1080 1103 1192 1137 iactus
1216 1101 1357 1137 seminis
1382 1101 1415 1136 ΙΙ
1440 1103 1516 1142 318,
1541 1102 1572 1136 6.

1080 1162 1184 1197 ianua
1214 1162 1403 1196 iactantiae
1437 1160 1451 1195 1
1481 1162 1557 1202 257,
1589 1162 1640 1196 25.
1684 1161 1828 1206 apertis—

1124 1221 1249 1256 simam
1260 1221 1400 1255 ianuam
1411 1221 1503 1265 (opp.
1513 1220 1679 1255 latentem
1690 1220 1828 1265 rimam)

1129 1280 1163 1316 11
1186 1281 1263 1322 302,
1289 1281 1340 1316 26.

1081 1352 1144 1387 ibi:
1166 1363 1235 1386 non
1255 1355 1373 1386 tamen
1392 1351 1441 1386 ibi
1460 1362 1532 1386 esse
1551 1351 1790 1396 quaestionem
1814 1350 1827 1384 l

1127 1412 1202 1453 241,
1232 1412 1284 1446 21.
1315 1411 1390 1452 245,
1421 1412 1451 1446 2.
1482 1411 1557 1451 269,
1587 1411 1639 1446 25.

1080 1471 1280 1516 ibidemque
1293 1470 1345 1516 (=
1365 1470 1436 1504 und
1448 1470 1523 1505 eben
1537 1470 1647 1514 dabei)
1660 1470 1830 1505 distantia

1128 1530 1145 1565 Ι
1169 1531 1243 1572 182,
1267 1530 1298 1566 6.

1081 1602 1186 1637 ictus:
1205 1601 1300 1636 uelut
1316 1601 1496 1647 giganteos
1512 1604 1648 1635 montes
1664 1600 1830 1635 aduersus

1127 1660 1454 1707 supereminentiam
1498 1660 1631 1706 gratiae
1675 1659 1830 1694 caelestis

1127 1724 1278 1756 structos
1294 1720 1406 1755 tribus
1422 1720 1620 1754 diuinorum
1638 1718 1831 1754 testimoni-

1128 1790 1227 1815 orum
1265 1783 1446 1825 tamquam
1483 1778 1666 1814 fulminum
1702 1778 1830 1813 ictibus

1129 1839 1290 1874 deiecisse
1316 1838 1351 1873 II
1377 1840 1450 1879 109,
1478 1839 1528 1875 19.

1083 1899 1176 1934 idem
1206 1899 1278 1944 ipse
1310 1897 1325 1932 I
1357 1898 1409 1939 19,
1442 1899 1492 1933 13.
1523 1898 1577 1939 54,
1608 1897 1660 1933 27.
1694 1898 1768 1937 100,
1800 1899 1828 1931 1.

1132 1959 1206 1999 118,
1232 1960 1261 1993 1.
1288 1958 1339 1993 16.
1366 1958 1440 1998 142,
1464 1958 1495 1992 5.
1522 1957 1595 1998 175,
1621 1957 1672 1992 27.
1697 1956 1774 1997 306,
1797 1957 1828 1990 3.

1129 2018 1206 2059 362,
1230 2019 1259 2053 1.
1281 2017 1358 2058 389,
1382 2017 1433 2052 19.
1455 2017 1532 2058 531,
1554 2016 1606 2051 25.
1644 2015 1679 2050 II
1702 2016 1776 2056 112,
1798 2016 1828 2049 9.

1132 2077 1206 2118 165,
1234 2078 1285 2112 14.
1314 2077 1388 2118 197,
1415 2077 1466 2111 12.
1493 2075 1569 2117 205,
1595 2076 1647 2110 21.
1674 2075 1750 2115 311,
1778 2075 1828 2109 19.

1131 2137 1183 2172 21.
1207 2136 1299 2171 idem
1324 2135 1456 2181 aliquid
1482 2134 1497 2170 I
1520 2135 1596 2176 471,
1620 2135 1651 2169 6.

1084 2195 1277 2231 identidem
1301 2194 1353 2240 (=
1370 2194 1589 2238 andrerseits)
1614 2193 1630 2228 I
1654 2194 1708 2234 28,
1733 2194 1784 2228 24.

1083 2255 1162 2290 ideo
1187 2255 1256 2290 iam
1282 2254 1355 2300 ipse
1380 2253 1520 2299 ambigo
1546 2252 1583 2288 II
1607 2253 1661 2294 96,
1688 2253 1741 2289 27.

1083 2314 1212 2350 idiotas
1224 2317 1259 2349 et
1271 2313 1463 2348 ineruditos
1474 2312 1630 2359 decipere
1641 2311 1832 2346 moliuntur

1131 2373 1147 2408 I
1170 2374 1246 2415 502,
1271 2375 1301 2408 4.

1084 2443 1296 2480 idololatria:
1328 2454 1389 2489 per
1418 2442 1651 2478 idololatriam
1681 2451 1704 2476 a
1733 2444 1830 2487 patre

1126 2503 1237 2549 impio
1274 2513 1346 2538 esse
1382 2502 1572 2538 alienatum
1611 2501 1627 2536 I
1662 2501 1739 2541 312.
1775 2501 1829 2536 29.

1130 2563 1238 2598 etiam
1254 2561 1372 2608 magni
1387 2561 1530 2608 quidam
1547 2560 1614 2596 uiri
1629 2560 1674 2596 ad
1690 2559 1831 2596 idolola-

1131 2621 1219 2657 triae
1237 2621 1387 2656 dedecus
1404 2620 1627 2656 defluxerunt
1646 2619 1663 2655 I
1682 2619 1758 2660 170,
1776 2619 1828 2654 21.

1085 2680 1219 2717 i'dolum
1236 2679 1320 2722 156,
1338 2680 1390 2716 16.
1407 2680 1482 2721 171,
1500 2679 1551 2716 15.
1569 2679 1643 2720 177,
1658 2680 1690 2715 4.
1705 2678 1782 2718 495,
1797 2678 1828 2713 6.

1130 2740 1208 2782 496,
1232 2740 1284 2776 27.
1308 2739 1386 2781 553,
1409 2741 1441 2775 4.

1085 2799 1250 2835 idoneum
1285 2801 1339 2835 ost
1371 2798 1557 2845 perducere
1593 2796 1630 2832 11
1663 2796 1740 2838 301,
1777 2795 1828 2832 17.

1085 2857 1215 2894 ieiunio
1231 2857 1394 2904 castigati
1413 2856 1428 2893 1
1447 2857 1522 2899 138,
1541 2857 1596 2898 17,
1610 2856 1654 2900 et.
1673 2854 1710 2891 11
1727 2855 1780 2898 16,
1798 2855 1829 2890 7.
