1976 3210
786 308 863 344 cap.
896 299 931 340 9,
962 299 1106 340 15—10,
1139 301 1180 335 17
1694 290 1777 331 169

204 425 326 466 runt
372 427 420 464 et
478 427 626 476 egent
677 422 836 477 gloria
893 422 983 474 dei,
1043 428 1086 466 et
1139 424 1241 467 haec
1298 429 1360 467 est
1406 425 1554 480 gratia,
1602 426 1654 469 de
1696 439 1781 481 qua

198 487 394 530 continuo
449 487 568 530 dicit:
636 488 913 531 iustificati
967 490 1125 543 gratis
1193 504 1277 546 per
1324 491 1541 545 gratiam
1601 492 1776 547 ipsius

198 553 375 596 iniustus
424 566 518 609 ergo
565 553 745 609 legitime
790 554 876 610 lege
919 555 1064 607 utitur,
1112 561 1159 598 ut
1203 557 1337 599 iustus
1382 557 1486 607 fiat;
1534 558 1644 613 quod
1684 572 1778 601 eum

197 620 333 662 faetus
379 619 516 671 fuerit,
567 634 616 662 ea
673 620 755 663 iam
822 634 904 663 non
973 626 1120 664 utatur
1173 626 1391 678 tamquam
1443 623 1630 666 uehiculo
1680 638 1773 667 cum

151 698 168 727 5
198 686 430 742 peruenerit
459 685 524 728 uel
542 686 693 741 potius,
717 691 765 729 ut
782 700 907 742 supra
924 687 1037 730 dieta
1054 687 1323 731 similitudine
1346 688 1524 744 apostoli
1543 695 1650 741 utar,
1669 695 1776 733 tam-

131 1028 168 1056 1⁰

131 1357 166 1385 ¹5

197 765 322 807 quam
341 751 578 807 paedagogo
596 766 690 795 cum
708 752 895 795 eruditus
922 753 1058 796 fuerit.
1093 755 1302 810 quomodo
1321 755 1429 797 enim
1448 755 1557 798 iusto
1584 755 1650 797 lex
1697 771 1777 798 non

197 823 259 860 est
275 817 424 873 posita,
441 818 475 860 si
490 824 532 860 et
547 818 656 861 iusto
673 823 736 861 est
751 820 991 871 necessaria,
1010 833 1091 862 non
1108 833 1192 875 qua
1206 820 1385 864 iniustus
1401 821 1454 863 ad
1481 821 1775 865 iustificantem

195 884 372 939 gratiam
400 885 662 939 perducatur,
689 885 761 928 sed
787 898 871 940 qua
895 885 1076 940 legitime
1102 886 1185 929 iam
1211 887 1344 929 iustus
1370 887 1539 929 utatur?
1567 902 1620 930 an
1656 888 1776 938 sorte,

198 950 324 992 immo
350 963 446 992 uero
472 964 553 992 non
579 951 699 1002 forte,
726 951 798 994 sed
822 957 931 994 certe
957 952 1013 994 sie
1038 952 1218 1007 legitime
1244 953 1377 995 utitur
1402 953 1487 1008 lege
1512 953 1594 996 iam
1630 954 1776 1003 iustus,

196 1030 290 1058 eum
306 1029 397 1058 eam
415 1017 615 1060 terrendis
630 1017 793 1072 inponit
808 1017 985 1069 iniustis,
1003 1023 1050 1061 ut
1065 1032 1159 1060 eum
1176 1023 1217 1061 et
1233 1019 1274 1060 in
1290 1019 1388 1075 ipsis
1404 1020 1584 1075 coeperit
1609 1021 1777 1063 inolitae

196 1082 552 1137 concupiscentiae
579 1083 749 1126 morbus
776 1084 986 1126 incentiuo
1015 1085 1306 1140 prohibitionis
1333 1091 1374 1127 et
1413 1086 1578 1128 cumulo
1607 1100 1777 1142 praeua-

195 1148 406 1191 ricationis
429 1149 582 1205 augeri,
609 1149 850 1205 confugiant
875 1164 947 1205 per
971 1150 1097 1193 fidem
1122 1151 1177 1193 ad
1201 1151 1498 1194 iustificantem
1522 1153 1699 1206 gratiam
1736 1160 1777 1194 et

196 1228 268 1269 per
288 1214 442 1257 donum
465 1215 635 1271 spiritus
656 1216 866 1258 suauitate
887 1216 1071 1259 iustitiae
1093 1217 1289 1259 delectati
1310 1231 1486 1272 poenam
1509 1217 1671 1261 litterae
1703 1219 1777 1260 mi-

196 1280 334 1323 nantis
363 1281 570 1324 euadant?
600 1282 661 1324 ita
688 1295 770 1324 non
789 1287 911 1324 erunt
930 1282 1138 1325 contraria
1157 1297 1288 1338 neque
1307 1283 1415 1326 inter
1433 1298 1474 1325 se
1494 1284 1575 1326 duo
1595 1284 1675 1327 ista
1703 1299 1778 1340 pu-

194 1346 398 1402 gnabunt,
420 1352 467 1389 ut
493 1348 618 1390 etiam
645 1347 778 1390 iustus
804 1348 913 1390 bona
938 1348 1023 1403 lege
1048 1348 1229 1404 legitime
1255 1354 1400 1392 utatur
1425 1355 1465 1391 et
1500 1355 1641 1393 tamen
1667 1351 1777 1393 iusto

196 1411 260 1454 lex
282 1412 418 1468 posita
439 1427 520 1455 non
543 1414 616 1462 sit;
639 1427 720 1456 non
742 1414 851 1456 enim
873 1428 924 1457 ex
945 1428 994 1457 ea
1014 1414 1264 1457 iustificatus
1286 1420 1360 1467 est,
1383 1416 1455 1458 sed
1477 1430 1527 1458 ex
1548 1416 1633 1471 lege
1665 1417 1774 1462 fidei.

195 1491 279 1533 qua
298 1479 473 1521 credidit
494 1479 605 1522 nullo
626 1480 750 1522 modo
772 1493 889 1535 posse
910 1494 1007 1523 suae
1028 1480 1265 1523 infirmitati
1286 1482 1339 1524 ad
1360 1481 1556 1537 inplenda
1588 1496 1647 1533 ea,
1671 1497 1777 1538 quae

195 1543 259 1586 lex
284 1544 489 1587 factorum
513 1545 686 1596 iuberet,
713 1545 790 1588 nisi
813 1546 956 1588 diuina
979 1547 1114 1602 gratia
1137 1547 1359 1590 subueniri.

302 1629 363 1670 17.
393 1628 490 1670 Ideo
515 1629 635 1671 dicit:
670 1628 754 1671 ubi
787 1634 861 1672 est
892 1643 1003 1685 ergo
1033 1630 1270 1685 gloriatio
1300 1631 1414 1673 tua?
1447 1632 1654 1675 exclusa
1689 1639 1774 1675 est.

125 1706 141 1735 2
194 1706 279 1749 per
304 1707 454 1749 quam
478 1694 659 1750 legem?
685 1695 964 1738 factorum?
991 1708 1103 1747 non,
1133 1697 1217 1739 sed
1243 1710 1328 1752 per
1350 1697 1505 1752 legem
1530 1698 1663 1741 fidei.
1689 1699 1776 1741 siue

192 1758 478 1814 gloriationem
500 1761 652 1803 dixerit
672 1761 936 1813 laudabilem,
959 1776 1065 1817 quae
1086 1762 1127 1804 in
1148 1763 1317 1805 domino
1338 1769 1413 1814 est,
1436 1778 1610 1819 eamque
1640 1765 1777 1807 exclu-

194 1839 295 1876 sam,
316 1825 358 1868 id
378 1831 440 1868 est
460 1840 542 1868 non
562 1832 609 1869 ut
629 1827 867 1870 abscederet
887 1828 1062 1883 pulsam,
1083 1829 1155 1871 sed
1175 1834 1222 1871 ut
1241 1829 1440 1871 emineret
1469 1844 1703 1885 expressam
1725 1856 1778 1861 —

197 1892 306 1934 unde
327 1896 369 1933 et
391 1892 620 1936 exclusores
641 1893 837 1936 dicuntur
858 1894 1028 1949 quidam
1051 1895 1231 1937 artifices
1253 1896 1475 1950 argentarii
1495 1910 1503 1945 ;
1522 1896 1617 1938 hinc
1640 1902 1701 1938 est
1734 1904 1775 1939 et

194 1957 294 2000 illud
323 1958 365 2000 in
397 1958 590 2001 Psalmis:
630 1964 684 2001 ut
720 1960 1065 2005 excludantur
1094 1961 1150 2003 hi
1190 1962 1274 2015 qui
1314 1961 1513 2016 probati
1550 1968 1671 2006 sunt
1707 1976 1776 2004 ar-

148 2035 165 2062 5
193 2028 358 2078 gent0.
375 2025 453 2067 hoc
468 2029 592 2067 estut
609 2026 820 2078 emineant
838 2027 910 2081 qui
929 2026 1094 2082 probati
1116 2032 1215 2069 sunt
1238 2027 1400 2082 eloquio
1423 2028 1593 2070 domini.
1617 2042 1713 2070 nam
1732 2035 1772 2070 et

194 2088 293 2131 alibi
312 2089 482 2132 dieitur:
509 2090 713 2146 eloquia
741 2091 931 2136 domini
959 2092 1164 2147 eloquia
1190 2097 1342 2138 casta.
1370 2099 1637 2146 argentum
1662 2095 1776 2149 igne

194 2155 545 2199 examinatum
564 2182 617 2187 —
636 2156 721 2199 siue
739 2157 1026 2213 gloriationem
1043 2158 1236 2201 uitiosam
1257 2159 1308 2201 de
1325 2159 1518 2214 superbia
1539 2160 1773 2202 uenientem

284 2323 304 2357 2
319 2323 420 2358 Rom.
434 2324 468 2365 3,
482 2325 525 2359 24
594 2324 615 2358 5
631 2323 675 2359 cf.
692 2323 769 2359 Gal.
784 2325 817 2365 3,
836 2325 877 2359 24
946 2325 968 2359 8
982 2324 1211 2367 cf.1Tim.1‚
1226 2328 1246 2362 8
1316 2327 1358 2362 19
1374 2327 1476 2362 Rom.
1490 2328 1524 2367 3,
1539 2327 1580 2362 27
1649 2329 1691 2363 24
1713 2329 1767 2363 Ps.

197 2382 253 2423 67,
269 2383 311 2418 31
405 2382 447 2417 26
464 2383 519 2418 Ps.
540 2385 592 2424 11,
611 2385 631 2419 7

285 2503 300 2536 1
315 2500 445 2546 gloria*
455 2502 486 2538 0
502 2501 619 2548 gracia
630 2502 649 2537 b
731 2502 789 2538 dei
798 2514 863 2539 om.
879 2503 912 2538 P
989 2505 1012 2540 3
1025 2504 1098 2550 lege
1109 2516 1174 2540 om.
1185 2506 1214 2541 G
1282 2508 1302 2542 4
1315 2505 1430 2541 utitur
1442 2506 1526 2541 Lm‘2
1595 2505 1729 2542 ueioulo
1746 2507 1774 2541 L

191 2560 213 2595 5
229 2563 335 2606 potus
347 2561 431 2596 Lm]
497 2565 538 2597 ut
551 2573 616 2597 om.
627 2562 665 2597 εἰ)
723 2563 876 2598 utaturb
930 2562 952 2598 6
965 2563 1144 2610 pedagogo
1159 2565 1280 2601 LSPO
1336 2577 1406 2601 non
1422 2569 1475 2600 est
1491 2565 1546 2600 lex
1557 2566 1576 2600 b
1636 2567 1655 2600 7
1672 2566 1773 2611 quob

194 2619 216 2654 8
229 2620 350 2666 quozd
413 2621 435 2656 9
449 2619 499 2656 sic
514 2624 607 2656 certe
622 2621 642 2656 b
708 2622 749 2658 10
763 2625 804 2658 ut
819 2622 875 2658 m2
885 2634 928 2658 ex
936 2624 1009 2659 etO
1078 2623 1113 2658 in
1124 2635 1189 2660 om.
1197 2625 1248 2661 Ob
1325 2624 1549 2661 nolitanml
1615 2627 1650 2660 11
1671 2636 1768 2660 mor*

195 2678 261 2714 bus
271 2679 302 2715 L
318 2678 474 2716 moribus
483 2680 511 2716 S
515 2681 576 2716 PG
723 2680 936 2728 probitionis
945 2683 976 2719 L
1123 2685 1166 2719 13
1183 2684 1351 2720 delectari
1359 2685 1379 2719 b
1501 2683 1615 2719 inanis
1632 2683 1772 2719 litterae

195 2738 275 2783 (om.
285 2737 474 2785 minantis)
484 2739 503 2775 b
650 2742 691 2777 14
706 2751 744 2776 se
753 2752 796 2776 ez
808 2752 849 2777 sa
858 2742 888 2777 L
1019 2741 1090 2778 ista
1103 2742 1132 2788 (i
1143 2743 1201 2778 m3
1212 2744 1307 2788 add.)
1316 2744 1347 2779 L
1467 2744 1675 2789 pugnabant
1685 2744 1771 2778 Lml

194 2798 237 2833 15
250 2796 444 2844 legitimaG
519 2799 564 2835 16
575 2800 688 2836 exalt.
698 2801 802 2837 ΜΟ
878 2803 920 2837 17
933 2811 976 2837 ea
986 2813 1051 2838 om.
1063 2802 1083 2837 b
1144 2803 1187 2839 18
1200 2802 1375 2839 §actorum
1386 2814 1451 2838 om.
1463 2803 1483 2837 b
1551 2803 1593 2838 19
1605 2802 1675 2838 dici
1685 2803 1769 2838 Lml

192 2855 305 2903 gloria
314 2857 367 2893 Pb
425 2861 490 2894 tua
500 2869 566 2895 om.
576 2859 669 2895 Kml
731 2861 776 2896 22
786 2860 970 2907 expulsam
981 2861 1017 2897 K
1077 2864 1120 2898 ut
1132 2862 1282 2898 almeo
1343 2863 1386 2898 23
1399 2873 1450 2907 pr.
1468 2866 1504 2896 et
1514 2862 1618 2897 om.0
1678 2863 1719 2898 24
1734 2861 1768 2897 in

193 2915 232 2962 (n
242 2916 320 2953 add.
330 2916 434 2963 m2)0
512 2917 608 2955 1ιίοο
624 2918 741 2955 hiiKb
816 2919 858 2956 25
874 2919 941 2956 hoc
952 2923 1008 2956 est
1021 2931 1108 2956 omae
1183 2919 1325 2968 eloquia
1333 2921 1531 2959 LmISPGb
1605 2922 1647 2957 26
1660 2920 1746 2957 dicit
1758 2921 1779 2956 b
