2028 3204
781 225 870 263 liber
899 226 914 261 1
949 228 1001 268 18.
1035 227 1162 262 29-31
1695 214 1769 257 331

195 352 260 395 nel
307 352 348 395 in
388 352 553 409 spiritu.
587 357 629 394 et
676 356 819 395 tamen
850 351 1042 395 mulieres
1075 350 1310 408 appellatae
1343 356 1454 402 sunt,
1489 350 1617 393 etiam
1653 355 1699 392 ut
1732 364 1774 393 se

194 418 306 461 intus
340 424 548 469 ornarent,
585 418 654 461 ubi
687 417 824 462 nullus
857 422 922 460 est
952 431 1088 461 sexus,

284 485 347 527 30.
383 485 487 527 Cum
520 484 662 540 itaque
695 483 765 527 isti
797 484 854 526 sic
887 484 995 526 inter
1026 497 1068 525 se
1101 482 1337 525 alternante
1370 496 1557 525 sermone
1589 487 1775 524 certaue-

194 550 292 596 rint.
325 564 400 605 ego
433 550 540 592 inter
572 564 641 593 eos
673 550 730 592 sie
764 549 912 600 iudico,
948 554 1008 599 ut,
1043 563 1094 591 ne
1126 549 1346 604 incognitis
1376 548 1512 590 fidant
1546 553 1587 590 et
1621 553 1776 590 temere

195 616 380 659 audeant
412 616 624 658 affirmare
652 615 765 672 quod
797 615 1001 666 nesciunt,
1036 620 1234 670 utrosque
1267 628 1568 658 commoneam.
1605 614 1636 655 si
1665 614 1774 656 enim

194 682 398 738 seriptum
440 687 566 724 esset:
618 681 866 724 ‘insufflanit
901 681 1052 724 flatum
1100 681 1214 723 uitae
1246 680 1288 722 in
1321 681 1468 723 faciem
1512 679 1693 722 mulieris
1735 685 1777 721 et

195 748 307 790 faeta
339 753 402 790 est
444 748 483 790 in
527 748 710 790 animam
743 748 912 797 uiuam‘‚
948 761 1021 789 nec
1054 747 1111 788 sic
1144 752 1251 789 esset
1284 746 1368 788 iam
1409 759 1678 800 consequens,
1729 751 1776 787 ut

196 828 277 856 non
310 818 611 870 propagaretur
642 828 693 856 ex
725 813 970 870 parentibus
1003 813 1156 864 anima,
1184 812 1262 854 nisi
1289 812 1418 855 etiam
1445 812 1496 854 de
1523 811 1609 854 filio
1636 825 1779 853 eorum

197 880 272 922 lioc
305 879 506 936 seriptum
538 879 729 922 similiter
761 879 974 934 legeretur.
1024 879 1115 921 fieri
1147 878 1257 921 enim
1291 878 1443 934 potuit,
1473 883 1519 920 ut
1543 877 1777 920 membrum

196 960 276 988 non
310 946 544 988 animatum
576 945 627 988 de
659 959 828 1001 corpore
861 949 1098 987 extractum
1131 944 1334 999 indigeret
1361 944 1550 995 animari,
1576 943 1652 986 filii
1679 957 1777 986 uero

196 1011 336 1054 anima
368 1026 418 1054 ex
450 1016 570 1067 patre
602 1025 675 1068 per
707 1017 885 1054 matrem
923 1010 1163 1067 propaginis
1206 1010 1484 1052 transfusione
1525 1010 1774 1053 traheretur.

195 1091 287 1120 cuin
323 1091 419 1120 uero
452 1077 630 1120 tacitum
663 1082 738 1128 est,
774 1077 1032 1120 occultatum
1065 1081 1141 1126 est,
1175 1090 1258 1119 non
1291 1081 1506 1131 negatum,
1539 1075 1609 1118 sed
1643 1089 1776 1131 neque

197 1143 472 1190 affirmatum.
507 1157 555 1186 ac
587 1157 660 1199 per
693 1143 770 1186 hoc
802 1143 934 1186 sicubi
967 1143 1076 1186 forte
1109 1156 1193 1184 non
1226 1142 1404 1184 tacitum
1431 1148 1507 1190 est,
1535 1141 1777 1184 clarioribus

195 1209 456 1252 documentis
489 1214 552 1252 est
584 1209 870 1252 astruendum.
915 1209 1024 1251 unde
1057 1222 1132 1250 nee
1165 1208 1235 1260 illi,
1264 1209 1335 1264 qui
1361 1208 1594 1250 defendunt
1621 1207 1777 1249 anima-

196 1289 287 1318 rum
322 1275 605 1331 propaginem.
641 1289 690 1317 ex
724 1289 784 1327 eo,
820 1276 930 1331 quod
964 1288 1048 1317 non
1080 1274 1272 1316 sufflauit
1304 1274 1404 1317 deus
1440 1274 1479 1315 in
1514 1273 1662 1315 faeiem
1690 1287 1778 1315 mu-

197 1340 318 1390 lieris,
353 1341 509 1397 aliquid
544 1341 802 1384 adiuuantur
832 1355 907 1383 nec
940 1341 1011 1391 illi,
1040 1340 1111 1396 qui
1137 1353 1229 1382 eam
1255 1345 1424 1395 negant,
1453 1339 1543 1381 ideo
1572 1340 1670 1394 quia
1696 1353 1778 1381 non

197 1407 303 1449 dixit
326 1407 479 1450 Adam:
516 1407 668 1449 'anima
701 1407 752 1449 (le
772 1407 914 1449 anima
945 1408 1066 1457 mea‘,
1101 1405 1256 1448 debent
1287 1405 1364 1448 sibi
1398 1405 1645 1461 persuadere
1666 1404 1778 1461 quod

198 1473 400 1516 nesciunt.
449 1473 557 1515 sieut
589 1473 699 1515 enim
733 1473 879 1516 eadem
913 1486 995 1514 non
1030 1472 1179 1523 soluta,
1214 1471 1287 1514 sed
1319 1477 1515 1514 manente
1534 1472 1778 1527 quaestione

195 1539 331 1594 potuit
366 1546 502 1581 tacere
534 1539 754 1595 scriptura,
789 1538 900 1595 quod
934 1538 1082 1580 mulier
1113 1537 1190 1580 deo
1223 1537 1424 1580 sufflante
1457 1537 1566 1579 sicut
1598 1537 1660 1579 uir
1692 1537 1778 1579 eius

128 1619 135 1629 ·
197 1606 401 1660 acceperit
437 1606 634 1655 animam,
669 1605 726 1647 sic
759 1605 906 1647 eadem
932 1618 1014 1646 non
1042 1604 1193 1654 solnta,
1221 1603 1291 1646 sed
1320 1608 1516 1646 manente
1535 1604 1779 1659 quaestione

200 1671 337 1726 potuit
372 1677 508 1713 tacere
540 1671 760 1726 scriptura,
796 1676 843 1713 ut
875 1670 1012 1714 Adam
1045 1684 1127 1712 non
1161 1669 1335 1712 diceret:
1372 1669 1525 1712 ‘anima
1554 1669 1604 1711 de
1637 1669 1775 1711 anima

198 1745 316 1779 mean
352 1750 400 1779 ae
433 1750 503 1793 per
532 1737 620 1787 hoc,
655 1737 689 1779 si
721 1736 879 1792 primae
911 1736 1095 1779 mulieris
1128 1735 1269 1778 anima
1301 1750 1352 1778 ex
1384 1735 1473 1777 uiro
1507 1740 1583 1787 est,
1612 1750 1635 1777 a
1660 1740 1779 1791 parte

199 1808 336 1845 totum
369 1802 652 1858 significatum
685 1808 761 1850 est,
796 1803 866 1845 ubi
900 1802 1067 1856 legitur:
1111 1802 1218 1844 hoc
1250 1815 1405 1844 nunc
1438 1816 1496 1843 os
1530 1816 1550 1843 e
1570 1816 1595 1843 x
1638 1815 1695 1843 os
1715 1800 1777 1842 si-

199 1867 305 1910 bus
347 1869 493 1910 meis
541 1874 597 1910 et
646 1882 784 1911 caro
828 1868 893 1910 de
936 1882 1117 1911 earne
1159 1873 1560 1918 mea‚011111tota
1591 1881 1642 1909 ex
1675 1867 1777 1917 uiro,

199 1948 282 1976 non
324 1947 419 1977 caro
461 1934 548 1977 sola
590 1934 645 1977 sit
677 1939 859 1989 sumpta.
909 1934 942 1975 si
975 1939 1117 1976 autem
1151 1947 1233 1975 non
1267 1939 1329 1975 est
1362 1947 1413 1975 ex
1447 1933 1548 1979 uiro,
1583 1932 1654 1975 sed
1688 1946 1777 1974 eam

199 1999 300 2042 deus
334 1999 568 2042 insufflanit
600 2000 709 2042 sicut
741 2000 844 2050 uiro,
873 2013 897 2043 a
923 2004 1014 2041 toto
1042 2013 1137 2055 pars
1163 1999 1399 2054 significata
1425 2004 1501 2049 est,
1520 1997 1592 2040 ubi
1611 1998 1778 2053 legitur:

200 2065 265 2107 de
312 2065 442 2107 uiro
483 2079 587 2107 suo
639 2079 759 2108 sum
782 2070 884 2120 pta
931 2070 1037 2117 est,
1077 2079 1171 2107 cum
1217 2078 1312 2107 earo
1348 2064 1448 2112 eius,
1479 2078 1562 2106 non
1601 2069 1693 2106 tota
1726 2064 1780 2105 sit

196 2138 378 2187 sumpta.

288 2204 351 2246 31.
408 2203 685 2259 Quapropter,
735 2216 829 2245 cnm
877 2202 940 2244 his
986 2201 1251 2251 testimoniis,
1301 2202 1413 2258 quod
1455 2201 1508 2244 ad
1552 2202 1659 2244 hanc
1691 2215 1778 2243 reni

200 2269 395 2326 pertinet,
462 2270 606 2324 utique
653 2268 859 2324 ambiguis
907 2282 990 2310 non
1037 2268 1228 2311 soluatur
1274 2268 1376 2311 haec
1425 2268 1627 2323 quaestio,
1679 2266 1780 2309 illud

201 2341 342 2377 tamen
376 2335 458 2377 scio
492 2335 548 2376 sie
582 2334 867 2389 argumentari
896 2334 1095 2384 homines,
1131 2334 1202 2390 qui
1234 2348 1286 2376 ex
1318 2334 1395 2377 hoc
1422 2340 1577 2389 putant
1595 2333 1779 2375 animani

297 2455 350 2490 23.
368 2455 410 2490 27
435 2454 521 2490 Gen.
544 2456 576 2496 2,
596 2456 639 2490 23

296 2543 359 2579 lin
372 2555 435 2579 om.
449 2543 480 2579 E
517 2545 538 2579 3
548 2543 735 2579 certauerit
749 2545 781 2580 A
818 2544 839 2579 5
849 2542 940 2579 aude
950 2543 1107 2579 audeant
1120 2543 1160 2577 M
1200 2547 1447 2578 commoneant
1457 2542 1486 2577 G
1520 2543 1541 2578 8
1556 2540 1627 2576 filio
1639 2540 1774 2586 eornm]

206 2603 357 2640 filiorum
368 2604 398 2638 E
415 2603 565 2639 alienun
574 2604 604 2638 F
644 2603 666 2640 9
679 2603 888 2650 relegeretur
902 2603 933 2638 Ε
979 2603 1021 2639 10
1036 2601 1297 2638 filii—tacitum
1312 2606 1368 2638 est
1381 2613 1446 2637 om.
1461 2603 1493 2637 A
1544 2603 1584 2638 13
1598 2604 1654 2636 est
1666 2612 1731 2636 om.
1744 2601 1776 2635 E

208 2665 250 2700 14
260 2654 440 2700 ducuixitis
451 2663 492 2698 M
503 2665 563 2710 (cu
573 2663 643 2708 ελ.)
690 2664 733 2700 16
742 2673 823 2699 eum
834 2663 864 2698 F
905 2664 947 2699 18
957 2662 1362 2709 questione-‘sufflante
1371 2662 1410 2698 in
1420 2674 1483 2707 my.
1494 2662 1536 2696 M
1580 2661 1622 2696 19
1632 2659 1776 2696 sufflaoe

205 2723 245 2759 in
260 2733 328 2759 ms.
343 2723 376 2759 Ε
434 2722 620 2760 aoeadeA
678 2725 717 2759 21
735 2713 817 2758 iffi&
832 2723 875 2758 de
893 2721 1068 2758 animEM
1124 2723 1167 2758 22
1183 2723 1348 2768 apertae*
1402 2722 1445 2758 23
1464 2723 1558 2755 *osG
1614 2719 1674 2766 ex]
1687 2720 1731 2755 de
1746 2720 1777 2754 Ε

205 2781 406 2819 hoesibusG
447 2785 489 2820 24
505 2793 611 2819 earne
623 2783 665 2819 M
682 2784 740 2829 (ne
758 2794 784 2818 s.
804 2793 892 2819 erae.
914 2783 951 2828 ο)
997 2783 1040 2819 25
1057 2785 1111 2818 est
1127 2793 1193 2818 om.
1207 2783 1247 2817 M
1298 2783 1338 2817 27
1355 2791 1419 2816 suo
1434 2792 1500 2816 om.
1515 2781 1554 2814 M
1603 2780 1646 2815 29
1662 2790 1770 2825 que—-

203 2841 384 2888 pertinent
394 2842 413 2879 b
454 2843 498 2880 m
513 2841 693 2890 pertinent
707 2843 738 2878 Ε
784 2841 970 2889 ambiguiis
986 2842 1018 2877 A
1037 2842 1084 2878 ab
1099 2840 1277 2887 ambiguis
1290 2841 1332 2876 M
1379 2841 1444 2886 hee
1459 2839 1597 2886 questio
1614 2841 1653 2875 ιή
1666 2851 1731 2885 my.
1746 2840 1777 2874 Ε
