1976 3210
223 188 280 230 82
616 197 642 231 Ι.
669 197 721 232 De
745 199 970 243 peccatorum
993 195 1127 232 meritis
1149 199 1187 232 et
1209 195 1409 232 remissione

226 322 358 364 carnis
383 327 425 364 et
450 321 602 364 saeculi
625 335 779 371 sumus,
806 326 848 363 et
871 320 1108 377 perficietur
1132 321 1244 376 quod
1268 320 1343 363 filii
1366 320 1432 363 dei
1456 325 1498 363 et
1514 320 1663 376 spiritu
1679 333 1795 363 rena-

226 387 260 430 ti
295 401 449 430 sumus.
480 387 589 430 unde
624 387 735 429 idem
774 386 997 429 Iohannes:
1040 385 1374 437 dilectissimi,
1402 385 1552 441 inquit,
1587 385 1686 428 filii
1717 385 1795 428 dei

225 466 413 503 sumus,
453 458 500 495 et
538 452 762 494 nondum
798 451 1042 507 apparuit
1080 451 1216 506 quod
1251 451 1447 494 erimus.
1481 450 1579 506 quid
1617 456 1680 493 est
1718 450 1795 494 hoc

229 519 399 560 ‘sumus‘
425 523 467 560 et
502 518 696 568 ‘erimus‘‚
729 517 808 560 nisi
848 517 947 572 quia
983 530 1124 559 sumus
1164 517 1208 559 in
1246 530 1330 572 spe,
1356 516 1506 559 erimus
1539 516 1582 558 in
1604 515 1671 558 re?
1697 529 1795 558 nam

226 584 412 639 sequitur
439 587 480 625 et
505 583 626 626 dicit:
659 583 858 634 scimus,
886 582 1016 638 quia,
1050 595 1163 625 cum
1188 581 1500 637 apparuerit,
1533 581 1722 624 similes
1753 581 1795 624 ei

227 650 425 699 erimus,
462 649 705 704 quoniam
738 648 1024 690 uidebimus
1055 661 1168 690 eum
1199 647 1353 690 sicuti
1383 651 1469 689 est.
1497 660 1607 690 nunc
1632 659 1727 701 ergo
1753 651 1795 688 et

225 714 376 756 similes
403 714 439 756 ei
466 728 551 756 esse
576 714 660 756 iam
687 714 895 769 coepimus
930 713 1134 769 primitias
1170 712 1370 755 habentes
1397 712 1565 767 spiritus
1591 717 1633 754 et
1660 711 1796 754 adhuc

225 779 440 822 dissimiles
480 793 621 822 sumus
669 793 741 835 per
788 778 980 834 reliquias
1020 778 1257 821 uetustatis.
1298 777 1469 833 proinde
1508 777 1551 819 in
1590 780 1796 832 quantum

225 845 388 895 similes,
426 845 469 887 in
491 850 660 888 tantum
681 849 948 900 regenerante
979 843 1127 899 spiritu
1149 843 1226 886 filii
1247 843 1325 894 dei,
1359 843 1402 886 in
1425 847 1630 898 quantum
1653 847 1795 884 autem

225 910 453 961 dissimiles,
492 910 535 953 in
563 915 732 953 tantum
770 910 844 951 filii
882 909 1014 952 carnis
1053 914 1094 951 et
1138 908 1301 952 saeculi.
1346 908 1458 950 illinc
1495 921 1588 962 ergo
1627 920 1795 963 peccare

225 990 309 1018 non
319 989 558 1032 possumus;
578 976 673 1018 hinc
684 989 794 1026 uero,
815 975 849 1017 si
867 974 1104 1025 dixerimus,
1127 974 1225 1029 quia
1242 978 1460 1030 peccatum
1478 987 1562 1016 non
1580 973 1792 1022 habemus,

226 1055 299 1084 nos
328 1042 437 1097 ipsos
466 1041 705 1097 decipimus,
735 1041 866 1083 donec
894 1045 1033 1083 totum
1060 1044 1248 1082 transeat
1276 1039 1318 1082 in
1346 1038 1615 1094 adoptionem
1643 1043 1683 1080 et
1712 1051 1796 1080 non

226 1107 280 1149 sit
303 1112 497 1163 peccator
520 1112 562 1149 et
587 1120 760 1162 quaeras
783 1106 919 1148 locum
943 1106 1029 1148 eius
1053 1110 1095 1147 et
1118 1118 1202 1147 non
1224 1104 1422 1147 inuenias.

334 1172 409 1215 IX.
443 1174 503 1214 11.
534 1173 708 1214 Frustra
739 1172 883 1226 itaque
917 1170 1104 1213 nonnulli
1138 1170 1266 1212 etiam
1299 1169 1400 1212 illud
1436 1172 1794 1224 argumentantur,

227 1243 274 1280 ut
300 1238 462 1280 dicant:
481 1238 521 1280 si
546 1242 722 1291 peccator
747 1237 882 1291 qenuit
903 1241 1152 1290 peecatorem,
1181 1240 1224 1278 ut
1251 1235 1423 1289 paruulo
1446 1235 1534 1276 eius
1556 1238 1688 1276 reatus
1716 1234 1795 1275 ori-

226 1304 376 1358 {finalis
402 1303 553 1356 peccati
575 1304 622 1345 in
646 1303 839 1356 baptismi
863 1302 1088 1355 acceptione
1110 1300 1303 1351 soluatur,
1317 1301 1438 1343 etiam
1461 1300 1615 1342 iustum
1638 1299 1797 1354 yiqnere

226 1369 369 1412 debuit.
385 1369 503 1424 quasi
520 1383 571 1410 ex
587 1369 664 1411 hoc
681 1368 854 1424 quisque
871 1367 1090 1410 carnaliter
1100 1366 1258 1422 gignat,
1277 1366 1388 1421 quod
1405 1366 1538 1408 iustus
1556 1368 1632 1414 est,
1655 1368 1697 1406 et
1714 1377 1794 1407 non

227 1449 279 1477 ex
295 1435 372 1477 hoc
384 1435 536 1489 potius,
552 1435 663 1489 quod
679 1434 723 1476 in
734 1433 930 1476 membris
947 1433 1032 1475 eius
1045 1431 1473 1487 concupiscentialiter
1484 1434 1676 1472 mouetur
1689 1434 1730 1472 et
1742 1429 1795 1471 ad

227 1514 349 1543 usum
375 1499 633 1555 propagandi
659 1499 727 1541 lex
757 1499 917 1554 peccati
939 1497 1089 1540 mentis
1118 1497 1204 1552 lege
1233 1496 1501 1539 conuertitur.
1525 1509 1577 1538 ex
1598 1496 1675 1537 hoc
1702 1507 1796 1550 ergo

226 1566 372 1621 gignit,
396 1565 506 1620 quod
529 1565 665 1607 adhuc
683 1569 899 1607 uetustum
930 1563 1061 1605 trahit
1083 1562 1191 1604 inter
1211 1562 1317 1604 filios
1339 1561 1503 1611 saeculi,
1526 1574 1608 1602 non
1630 1574 1682 1602 ex
1705 1560 1795 1609 hoo,

229 1631 339 1687 quod
368 1631 411 1673 in
440 1630 674 1672 nouitatem
703 1629 911 1685 promouit
939 1628 1047 1671 inter
1077 1628 1183 1670 filios
1212 1627 1297 1678 dei;
1338 1626 1436 1669 filii
1465 1626 1575 1668 enim
1609 1638 1718 1667 saec
1730 1624 1797 1666 uli

229 1697 380 1739 huius
402 1700 649 1751 generant
671 1700 719 1737 et
738 1698 1060 1750 generantur.
1089 1693 1184 1735 inde
1201 1698 1242 1735 et
1269 1692 1380 1748 quod
1401 1691 1585 1734 nascitur
1608 1690 1692 1732 tale
1719 1695 1795 1738 est,

229 1762 327 1817 quia
380 1762 491 1817 quod
549 1761 734 1803 nascitur
792 1760 843 1802 de
901 1772 1035 1810 carne,
1092 1772 1186 1801 caro
1243 1762 1316 1800 est.
1364 1757 1463 1799 iusti
1522 1762 1663 1798 autem
1715 1769 1798 1798 non

228 1832 327 1870 sunt
342 1827 421 1869 nisi
436 1826 512 1869 filii
527 1827 604 1869 dei.
637 1826 680 1869 in
696 1830 902 1881 quantum
917 1829 1059 1867 autem
1073 1828 1172 1866 sunt
1186 1823 1263 1865 filii
1277 1822 1356 1874 dei,
1374 1835 1495 1865 carne
1510 1835 1594 1864 non
1607 1821 1795 1876 gignunt,

229 1893 327 1948 quia
347 1892 495 1947 spiritu
518 1897 560 1934 et
580 1892 671 1947 ipsi,
694 1905 778 1933 non
799 1904 920 1933 carne
941 1889 1032 1932 nati
1052 1894 1163 1932 sunt.
1201 1889 1273 1931 sed
1295 1902 1348 1930 ex
1367 1888 1444 1930 hoc
1465 1900 1586 1929 carne
1607 1886 1795 1941 gignunt,

229 1958 477 2014 quicumque
498 1971 640 2000 eorum
658 1957 846 2012 gignunt,
869 1969 921 1998 ex
941 1969 1022 2011 quo
1043 1955 1229 1998 nondum
1249 1954 1292 1996 in
1312 1953 1545 1996 nouitatem
1565 1952 1795 2007 perfectam

319 2101 334 2135 1
354 2100 396 2134 cf.
417 2099 491 2134 Ioh.
508 2101 541 2140 3,
559 2100 580 2134 5
686 2100 706 2134 2
725 2099 740 2134 1
760 2098 832 2133 Ioh.
851 2100 884 2140 3,
902 2099 922 2133 2
1035 2098 1074 2132 11
1097 2097 1140 2131 ci.
1167 2096 1183 2131 I
1207 2096 1280 2131 Ioh.
1305 2097 1335 2137 1,
1357 2096 1378 2130 8
1473 2095 1513 2130 12
1533 2094 1577 2129 ci.
1602 2095 1656 2129 Ps.
1678 2093 1735 2134 36,
1758 2094 1801 2128 10

232 2161 273 2195 15
296 2159 474 2205 Pelagiani
567 2159 608 2193 19
626 2158 669 2193 cf.
689 2158 790 2193 Rom.
809 2159 840 2198 7,
857 2159 899 2193 23
991 2157 1030 2192 21
1053 2157 1135 2191 Luc.
1159 2156 1213 2197 20,
1235 2157 1277 2191 34
1370 2156 1413 2190 23
1430 2153 1473 2189 ci.
1487 2154 1560 2189 Ioh.
1580 2154 1612 2194 3,
1632 2153 1653 2188 6

321 2268 337 2301 1
363 2276 485 2300 sumus
511 2266 565 2309 (su
591 2264 748 2309 s-l.m2)L
900 2255 959 2308 ᾗ
982 2262 1191 2298 DmISPG'A
1354 2259 1518 2296 renouati
1546 2259 1597 2302 ed,
1616 2259 1635 2294 b
1653 2258 1693 2294 in
1711 2259 1801 2294 textu

228 2327 248 2361 2
261 2325 403 2360 ioannes
414 2326 466 2360 Gd
555 2323 756 2359 dilectisimi
767 2324 850 2358 Lm]
942 2325 1017 2367 post
1031 2322 1148 2368 inquit
1162 2321 1238 2357 add.
1256 2331 1350 2355 nunc
1365 2321 1387 2355 d
1490 2321 1512 2355 3
1526 2318 1699 2365 apparuid
1715 2318 1799 2353 Dml

230 2384 341 2431 quod]
357 2384 442 2431 quid
458 2383 690 2419 Lm1Vm2Gd
787 2383 832 2417 ho
849 2382 932 2417 Dml
1023 2384 1043 2417 4
1061 2393 1096 2416 re
1111 2381 1252 2416 eornm]
1269 2391 1311 2415 ez·
1324 2390 1386 2425 spe
1401 2379 1434 2414 Α
1534 2379 1556 2414 6
1584 2377 1744 2413 uidemus
1773 2377 1800 2412 S

228 2445 261 2480 ei
270 2448 306 2479 et
316 2445 445 2479 similes
457 2444 475 2478 b
485 2443 517 2479 ei
526 2444 654 2478 similes
666 2443 688 2477 d
752 2444 771 2478 7
783 2442 938 2488 cepimus
951 2441 1005 2476 LS
1070 2442 1091 2476 8
1101 2440 1267 2476 disimiles
1279 2440 1362 2475 Lm]
1438 2439 1460 2474 9
1469 2439 1712 2483 regenerantes
1724 2437 1801 2471 AM

230 2504 282 2539 fili
300 2505 332 2539 A
435 2505 479 2539 10
490 2502 634 2538 disimili
646 2502 729 2538 Dm]
833 2502 870 2536 11
885 2501 968 2547 quia
981 2512 1044 2535 om.
1059 2511 1076 2535 r
1178 2499 1220 2534 12
1231 2498 1432 2544 decepimus
1447 2497 1533 2532 Vm]
1546 2496 1745 2532 seducimus
1759 2496 1802 2531 M

231 2565 274 2599 13
299 2574 338 2609 q:
365 2574 418 2598 res
444 2564 528 2598 Lm]
654 2561 810 2597 inuenies
836 2561 872 2596 K
992 2561 1034 2595 15
1058 2570 1094 2594 se
1120 2559 1211 2594 Km1
1337 2557 1487 2604 paruulo
1509 2558 1565 2602 (us
1590 2568 1617 2592 s.
1646 2566 1667 2599 9
1690 2554 1801 2601 m2)K

229 2626 350 2666 reatus
370 2623 404 2657 K
495 2621 657 2668 originali
677 2621 761 2656 Gml
859 2621 900 2655 17
924 2619 970 2655 ho
995 2619 1079 2654 Lm]
1176 2617 1274 2653 iustu
1297 2616 1541 2653 KmIGmIAC'
1625 2616 1667 2651 18
1683 2613 1802 2661 potius

231 2692 295 2717 om.
306 2693 324 2717 2
333 2682 356 2716 d
452 2693 522 2727 quo
534 2681 589 2716 Kb
690 2679 877 2726 19peccati
888 2678 933 2724 (ti
941 2678 1097 2722 s.l.m2)L
1201 2679 1241 2713 21
1254 2676 1415 2712 nouitate
1427 2676 1459 2710 V
1548 2673 1800 2721 promisitGml

231 2741 283 2776 fili
307 2741 483 2777 LlemI
631 2740 673 2775 22
700 2741 912 2786 “generant
935 2739 966 2774 L
1100 2737 1143 2773 23
1162 2735 1260 2783 quia]
1277 2735 1353 2771 add.
1371 2734 1483 2771 etzbd
1623 2734 1667 2769 24
1690 2731 1743 2768 fili
1766 2732 1799 2768 A

231 2805 336 2836 carne
361 2801 393 2836 A
482 2798 598 2846 gignit
611 2799 703 2835 G'a.c.
803 2799 846 2834 25
870 2797 1040 2844 ”spiritu
1059 2796 1092 2832 V
1190 2799 1228 2831 et
1245 2806 1310 2832 om.
1329 2794 1349 2831 b
1445 2796 1501 2829 set
1518 2794 1550 2840 (t
1567 2793 1623 2829 m]
1642 2792 1756 2837 saepe)
1769 2791 1797 2828 L

1825 919 1865 948 10

1827 1244 1864 1274 15

1824 1571 1866 1602 20

1825 1898 1865 1927 25
