2028 3204
763 200 852 237 liber
878 198 915 238 11
946 201 979 242 6,
1016 200 1141 242 10-7,
1177 201 1217 236 11
1698 188 1777 232 345

199 327 485 380 ualetudinem,
529 327 581 370 ad
621 341 743 383 quam
782 326 968 370 uicissim
1016 325 1379 379 sanctificationem
1428 325 1570 369 uideas
1612 326 1783 369 transire

202 407 272 450 per
303 407 476 446 carnem,
510 398 554 437 ut
595 406 665 448 per
704 393 841 448 ipsam
878 396 1036 447 reparet
1075 396 1235 443 statum,
1285 404 1355 446 per
1396 405 1516 446 quam
1558 391 1782 447 perdiderat

200 460 418 504 meritum?
448 464 519 503 aut
548 458 749 515 numquid
779 458 877 514 quia
907 457 1106 513 baptismo
1131 471 1275 512 corpas
1301 457 1490 509 abluitur,
1523 471 1607 500 non
1638 458 1783 500 transit

201 526 255 571 ad
286 526 470 569 animam
509 523 575 568 uel
605 525 811 580 spiritum,
854 523 958 579 quod
989 523 1162 566 creditur
1201 523 1374 577 conferri
1405 536 1476 578 per
1507 523 1784 578 baptismum?

151 604 173 633 s
201 592 340 635 νηπίω
371 604 459 647 erqo
497 604 567 646 per
598 603 758 636 carnem
798 590 975 645 priscam
1014 593 1176 644 reparat
1206 589 1494 638 habitudinem,
1538 604 1659 644 quam
1690 589 1785 632 uisa

202 658 333 711 suerat
364 656 575 712 paulisper
605 657 791 700 amisisse
822 668 892 711 per
924 668 1095 707 carnem,
1130 659 1174 698 ut
1204 669 1275 710 per
1300 668 1387 698 eam
1414 655 1589 710 incipiat
1610 655 1781 706 renasci,

202 736 272 778 per
313 738 434 779 quam
474 727 669 766 meruerat
709 721 935 778 inquinari.
988 721 1082 763 uide
1113 722 1155 764 in
1189 721 1250 764 his
1284 721 1422 764 uerbis
1464 725 1670 776 quantum
1704 721 1782 763 iste

202 794 300 832 tuus
332 789 478 832 doctor
509 788 729 832 errauerit!
762 788 870 830 dixit
896 787 1094 830 ‘animam
1111 800 1184 843 per
1203 800 1372 830 carnem
1389 799 1581 844 reparare
1607 791 1781 838 statum,

199 868 273 911 per
305 868 432 910 quam
464 854 703 911 perdiderat
734 853 966 898 meritum‘:
1008 852 1157 896 habuit
1190 865 1286 908 ergo
1319 853 1461 896 anima
1491 853 1673 909 aliquem
1699 859 1784 896 sta-

203 926 295 964 tum
335 926 377 963 et
418 920 587 977 aliquod
629 919 825 963 meritum
868 920 1024 963 bonum
1056 924 1154 961 ante
1187 932 1366 970 carnem,
1413 918 1523 975 quod
1558 918 1651 961 uult
1683 932 1774 961 eam

202 1000 393 1044 reparare
418 1000 492 1043 per
525 999 704 1037 carnem,
740 986 907 1042 quando
935 999 1029 1028 caro
1053 985 1220 1028 lauacro
1237 984 1561 1041 regenerationis
1578 984 1783 1035 abluitur;

203 1052 368 1096 uixerat
413 1053 556 1108 itaque
604 1052 755 1095 alicubi
803 1057 901 1094 ante
949 1064 1116 1094 carnem
1162 1051 1202 1094 in
1251 1055 1369 1094 statu
1401 1057 1443 1093 et
1475 1052 1626 1093 merito
1658 1051 1781 1101 bono,

204 1132 327 1175 quem
359 1123 522 1161 statum
554 1123 597 1160 et
630 1117 742 1173 quod
775 1117 972 1160 meritum
1005 1116 1202 1173 perdidit,
1229 1130 1324 1160 cum
1343 1117 1525 1159 uenisset
1541 1118 1583 1159 in
1601 1130 1779 1159 carnem.

202 1184 310 1227 dixit
358 1185 465 1227 ‘eam
513 1198 584 1240 per
631 1197 800 1227 carnem
847 1197 1037 1239 reparare
1085 1182 1378 1225 habitudinem
1418 1182 1612 1239 priscam,
1656 1196 1783 1239 quam

205 1250 294 1293 uisa
334 1250 472 1293 fuerat
519 1250 730 1306 paulisper
777 1249 963 1292 amisisse
1010 1262 1082 1305 per
1124 1249 1326 1291 carnem‘:
1375 1248 1524 1291 habuit
1556 1262 1652 1304 ergo
1685 1254 1784 1291 ante

205 1329 371 1359 carnem
405 1315 696 1358 habitudinem
728 1315 949 1372 antiquam
982 1340 1034 1346 —-
1066 1315 1143 1358 hoc
1177 1320 1240 1358 est
1272 1314 1384 1357 enim
1418 1314 1624 1370 ‘priscam‘
1658 1340 1709 1344 —
1741 1320 1783 1356 et

204 1383 286 1424 ista
333 1381 466 1438 qualis
513 1395 599 1424 esse
646 1381 788 1438 potuit
834 1381 913 1424 nisi
956 1381 1081 1424 beata
1122 1386 1250 1436 atque
1287 1380 1508 1423 laudabilis
1542 1379 1781 1424 habitudo?

205 1460 331 1503 quam
378 1447 561 1504 reparari
609 1461 682 1503 per
728 1452 1037 1490 sacramentum
1086 1446 1355 1502 baptismatis
1413 1451 1638 1498 asseuerat,
1688 1460 1783 1488 cum

203 1527 294 1557 eam
331 1513 435 1556 nolit
465 1527 517 1556 ex
548 1513 619 1556 illa
649 1513 849 1569 originem
882 1514 1047 1557 trahere
1089 1525 1161 1568 per
1202 1512 1487 1569 propaginem,
1524 1525 1651 1567 quam
1688 1526 1784 1556 con-

203 1584 290 1622 stat
324 1580 368 1622 in
399 1579 593 1635 paradiso
637 1579 863 1635 aliquando
903 1579 1028 1622 fuisse
1070 1579 1244 1622 felicem.
1295 1579 1506 1634 quomodo
1539 1578 1666 1634 igitur
1703 1579 1783 1622 alio

203 1645 292 1688 loco
327 1646 525 1690 ‘animam
557 1646 612 1687 se‘
645 1644 749 1689 dicit
783 1647 1038 1689 ‘constanter
1071 1658 1249 1688 asserere
1283 1659 1366 1688 non
1386 1658 1438 1687 ex
1458 1645 1631 1688 traduce
1651 1658 1784 1701 neque

203 1725 254 1755 ex
287 1710 414 1754 nihilo
451 1726 584 1768 neque
622 1725 694 1768 per
725 1718 858 1755 semet
890 1712 1023 1768 ipsam
1056 1725 1190 1767 neque
1222 1716 1320 1754 ante
1354 1710 1552 1766 corpus‘?
1579 1724 1671 1754 ecce
1703 1711 1783 1753 isto

204 1779 293 1821 loco
326 1778 419 1820 uult
452 1778 612 1821 animas
646 1783 746 1822 ante
777 1791 926 1833 corpus
953 1777 1107 1821 alicubi
1134 1777 1273 1821 uiuere
1300 1783 1390 1821 tam
1418 1778 1552 1829 beate,
1572 1782 1620 1819 ut
1637 1778 1783 1820 eadem

203 1844 282 1887 illis
314 1857 386 1898 per
420 1843 680 1899 baptismum
715 1844 935 1888 beatitudo
967 1845 1181 1895 reddatur,
1225 1849 1268 1886 et
1300 1848 1520 1899 tamquam
1553 1844 1618 1886 sui
1642 1856 1783 1886 rursus

204 1909 358 1953 oblitus
391 1909 582 1965 adiungit
615 1916 656 1953 et
687 1910 810 1953 dicit:
843 1914 888 1953 ut
917 1922 989 1965 per
1019 1922 1119 1961 eam,
1146 1909 1187 1951 id
1215 1915 1277 1953 est
1304 1924 1377 1965 per
1402 1923 1582 1960 carnem,
1610 1909 1784 1963 incipiat

203 1975 373 2026 renasci,
416 1987 486 2030 per
518 1990 638 2031 quam
678 1980 874 2018 meruerat
904 1975 1130 2030 inquinari.
1177 1976 1364 2031 superius
1399 1975 1595 2018 meritum
1628 1974 1784 2029 signifi-

204 2045 374 2084 cauerat
400 2040 559 2085 bonum
584 2042 796 2098 perditum
821 2041 946 2084 fuisse
971 2054 1045 2098 per
1071 2054 1251 2092 carnem,
1278 2054 1388 2084 nunc
1415 2046 1557 2083 autem
1574 2040 1784 2096 significat

207 2106 365 2150 malum
396 2107 609 2160 meritum,
653 2121 735 2164 quo
777 2108 938 2151 factum
979 2111 1056 2158 est,
1099 2112 1148 2149 ut
1180 2107 1341 2151 ueniret
1373 2107 1440 2150 uel
1471 2107 1710 2150 mitteretur
1743 2106 1785 2150 in

204 2185 371 2216 carnem
403 2172 598 2217 dicendo:
640 2185 711 2228 per
741 2186 863 2228 qnam
893 2177 1088 2216 meruerat
1127 2172 1365 2228 inquinari;
1392 2174 1426 2216 si
1460 2174 1569 2216 enim
1603 2177 1785 2216 meretur

205 2239 426 2296 inquinari,
466 2252 549 2283 non
582 2243 644 2282 est
681 2239 828 2294 utique
860 2240 1058 2283 meritum
1090 2238 1261 2283 bonum.
1304 2241 1420 2283 dicat
1452 2240 1553 2294 quid
1578 2240 1784 2296 peccauit,

204 2309 433 2360 antequam
481 2319 555 2363 per
601 2318 767 2349 carnem
816 2303 1120 2360 inquinaretur,
1170 2310 1217 2348 ut
1262 2319 1337 2363 per
1375 2318 1542 2349 carnem
1575 2305 1785 2360 inquinari

135 932 174 962 10

311 2444 352 2478 11
373 2442 418 2479 cf.
436 2442 507 2480 Tit.
529 2442 562 2485 3,
584 2443 606 2478 5
699 2444 756 2479 21.
775 2443 829 2479 25.
846 2442 890 2478 29
908 2441 1008 2479 Vino.
1027 2442 1150 2478 Victor

301 2526 318 2561 1
336 2524 575 2563 ualitudinem
591 2524 746 2563 BCEFG
800 2526 822 2562 3
838 2537 900 2574 per
911 2524 1134 2573 baptismnE
1179 2524 1350 2563 ablutnE
1395 2536 1467 2561 non
1480 2525 1578 2562 om.E
1633 2527 1654 2561 4
1668 2528 1783 2561 trans-

209 2582 336 2621 forriE
422 2587 443 2622 8
455 2585 627 2622 errauerit
645 2585 770 2622 doctor
782 2584 928 2622 BCFGd
946 2589 1038 2622 erret
1053 2586 1180 2622 doctor
1190 2585 1223 2622 Ε
1313 2596 1472 2633 reperere
1485 2585 1517 2621 D
1606 2586 1649 2622 10
1672 2583 1782 2631 quod]

206 2643 271 2680 sed
295 2643 381 2692 quid
394 2644 427 2681 E·
518 2655 560 2682 ea
573 2647 618 2687 A,
633 2656 697 2682 om.
712 2645 744 2681 E
837 2647 876 2682 11
891 2656 974 2682 earo
988 2656 1053 2683 om.
1064 2645 1097 2682 E
1176 2645 1443 2693 regerationisG
1544 2646 1586 2681 12
1604 2644 1666 2680 uix
1677 2645 1781 2681 eratb

208 2702 389 2752 aliquibus
399 2706 432 2741 A
513 2707 556 2742 14
567 2705 662 2752 eam]
673 2705 783 2742 otiam
794 2705 828 2742 D
923 2706 966 2742 16
980 2705 1190 2743 habitudine
1207 2705 1329 2742 mariti
1340 2716 1449 2753 quam
1462 2706 1493 2740 A
1569 2704 1662 2741 enim
1680 2704 1782 2741 οηιο

211 2763 256 2800 18
267 2766 451 2802 meram
529 2766 572 2803 19
585 2764 768 2814 proginem
779 2766 813 2801 A
828 2764 997 2812 originem
1010 2764 1152 2803 BC'FGb
1232 2767 1275 2802 21
1294 2776 1332 2802 se
1348 2764 1435 2802 dicit
1449 2775 1515 2802 om.
1531 2765 1564 2800 A
1642 2764 1684 2801 29
1698 2763 1783 2800 iii-E

208 2826 405 2861 mutetur
414 2824 475 2861 CF
547 2825 591 2862 31
609 2824 667 2872 ut]
682 2827 720 2862 et
729 2824 780 2862 ob
