2028 3204
280 205 357 248 532
656 214 693 248 V.
729 214 858 249 Contra
889 212 979 248 duas
1009 211 1180 258 epistulas
1210 210 1478 257 Pelagianorum

292 341 396 383 ritus
428 340 538 391 fidei,
571 340 620 382 de
652 352 732 394 quo
758 337 876 380 dicit:
908 337 1214 380 habentes
1244 342 1444 380 autem
1474 337 1724 380 eundem
1755 337 1866 394 spi-

293 406 479 447 ritum
506 404 675 446 fidei.
703 416 844 445 uerum
864 416 957 458 ergo
977 402 1078 445 dicit
1102 403 1186 445 lex:
1214 401 1565 457 quifecerit
1587 416 1664 454 ea,
1690 403 1866 446 uiuet

292 471 304 512 i
325 484 351 511 n
377 470 475 512 eis.
503 469 572 511 sed
597 474 645 511 ut
669 468 797 510 faciat
820 481 870 510 ea
892 472 935 510 et
958 467 1078 510 uiuat
1101 467 1143 509 in
1167 466 1238 518 eis,
1257 480 1339 509 non
1363 467 1429 510 lex
1447 480 1553 522 quae
1575 467 1652 510 hoc
1675 467 1866 524 imperat,

294 536 365 577 sed
396 535 499 577 fides
530 539 593 576 est
614 532 856 583 necessaria,
885 546 990 587 quae
1019 533 1096 575 hoc
1125 532 1336 588 impetrat.
1368 545 1473 588 quae
1500 538 1640 576 tamen
1669 533 1786 584 fides,
1816 538 1866 577 ut

292 601 391 642 haee
422 600 605 654 accipere
633 603 851 648 mereatur,
882 598 972 653 ipsa
997 598 1124 653 gratis
1153 597 1289 641 datur.
1891 610 1910 640 5

399 668 460 707 11.
498 665 712 719 Nusquam
746 668 888 706 autem
921 663 991 705 isti
1024 662 1179 705 inimici
1211 663 1369 719 gratiae
1398 663 1453 706 ad
1485 664 1658 706 eandem
1689 664 1866 720 gratiam

294 730 578 772 uehementius
615 729 938 784 obpugnandam
975 729 1217 771 occultiores
1253 729 1482 771 moliuntur
1519 729 1702 781 insidias,
1742 743 1866 785 quam
1897 771 1901 775 .

290 796 360 838 ubi
380 796 508 851 legem
527 795 714 845 laudant,
735 808 841 849 quae
859 795 944 836 sine
963 793 1223 837 dubitatione
1242 794 1451 837 laudanda
1468 808 1504 837 ef
1512 800 1543 838 t.
1564 795 1693 851 legem
1712 795 1865 851 quippe

290 861 460 904 diuersis
492 861 746 904 locutionum
776 859 907 902 modis
932 864 974 902 et
1003 859 1206 902 uarietate
1236 860 1455 902 uerborum
1485 860 1528 902 in
1557 860 1748 903 omnibus
1785 861 1865 903 dis·

290 927 577 982 putationibus
612 926 693 968 <uis
732 926 880 968 uolunt
916 925 1097 980 intellegi
1133 925 1322 980 gratiam,
1361 931 1409 968 ut
1445 925 1601 969 scilicet
1636 939 1661 968 a
1697 926 1863 969 domino
1894 938 1934 968 io

292 993 367 1034 deo
398 992 651 1034 adiutorium
682 991 926 1047 cognitionis
955 991 1196 1042 habeamus,
1229 1004 1309 1046 quo
1339 1004 1389 1033 ea
1417 1004 1522 1046 quae
1552 991 1741 1034 facienda
1769 996 1866 1034 sunt

290 1057 538 1107 nouerimus,
566 1071 646 1099 non
677 1056 991 1112 inspirationem
1019 1056 1262 1107 dilectionis,
1290 1062 1338 1098 ut
1365 1056 1531 1112 cognita
1556 1062 1700 1100 sancto
1727 1070 1864 1099 amore

289 1123 503 1173 faciamus,
530 1136 634 1177 quae
663 1122 824 1177 proprie
853 1121 988 1177 gratia
1016 1126 1091 1165 est.
1121 1135 1218 1164 nam
1248 1122 1420 1164 scientia
1447 1121 1545 1177 legis
1575 1122 1661 1165 sine
1689 1122 1862 1165 caritate

293 1189 428 1238 inflat,
473 1201 555 1230 non
600 1188 795 1231 aedificat
841 1187 1067 1230 secundum
1110 1187 1287 1230 eundem
1330 1187 1566 1243 apostolum
1609 1187 1866 1243 apertissime

290 1254 512 1297 dicentem:
536 1253 814 1296 scientia
844 1253 1054 1303 inflat,
1087 1253 1327 1295 caritas
1358 1265 1500 1295 uero
1532 1253 1862 1296 aedificat.
1895 1264 1934 1294 ιε

294 1333 399 1374 quae
418 1319 625 1361 sententia
648 1319 790 1362 similis
816 1324 880 1361 est
897 1318 946 1369 ei,
961 1331 1044 1373 qua
1063 1318 1222 1360 dictum
1245 1323 1326 1360 est:
1352 1318 1365 1360 l
1382 1318 1395 1360 i
1413 1324 1431 1360 t
1449 1323 1467 1360 t
1484 1332 1504 1360 e
1522 1331 1541 1359 r
1558 1332 1584 1361 a
1606 1333 1629 1361 o
1647 1332 1668 1361 c
1686 1332 1707 1361 c
1726 1318 1738 1360 i
1756 1319 1783 1360 d
1801 1318 1813 1360 i
1830 1323 1863 1369 t,

292 1385 567 1440 spiritus
601 1390 804 1427 autom
839 1383 1163 1426 uiuificat.
1206 1384 1326 1439 quale
1351 1388 1414 1426 est
1445 1383 1555 1426 enim
1591 1383 1870 1426 scientia

293 1450 502 1501 inflat,
540 1450 624 1492 tale
661 1455 724 1492 est
760 1450 993 1492 littera
1029 1449 1270 1491 occidit
1307 1454 1349 1491 θῖ
1374 1449 1494 1504 quale
1523 1454 1587 1491 est
1623 1449 1863 1492 caritas

291 1515 618 1566 aedificat,
694 1515 777 1558 tale
844 1519 908 1557 est
994 1514 1267 1570 spiritus
1356 1514 1678 1565 uiuificat,
1767 1513 1866 1570 quia

292 1582 529 1623 caritas
584 1581 678 1623 dei
732 1580 975 1623 diffusa
1026 1585 1119 1622 est
1170 1580 1221 1622 in
1275 1580 1569 1623 cordibus
1622 1580 1862 1623 nostris
1890 1591 1935 1622 κο

295 1660 398 1701 per
453 1646 748 1701 spiritum
814 1650 1108 1697 sanctum,
1159 1645 1259 1701 qui
1284 1646 1466 1688 datus
1519 1650 1612 1688 est
1670 1645 1861 1688 nobis.

290 1712 470 1767 cognitio
534 1712 674 1766 itaquo
736 1712 833 1767 legis
896 1711 999 1754 facit
1059 1711 1283 1766 superbum
1342 1711 1727 1766 praeuaricatorem,
1795 1723 1868 1766 per

291 1778 445 1819 donum
485 1783 627 1819 autem
671 1777 855 1820 caritatis
901 1777 1082 1819 delectat
1126 1776 1224 1832 legis
1270 1790 1357 1819 esse
1397 1776 1609 1819 factorem.
1650 1789 1732 1818 non
1772 1789 1864 1832 ergo

291 1843 420 1898 legem
446 1856 694 1885 euacuamus
728 1856 801 1898 per
832 1843 974 1894 fidem,
1009 1855 1027 1884 s
1045 1856 1066 1884 e
1084 1842 1111 1884 d
1143 1842 1156 1884 l
1174 1855 1194 1884 e
1212 1856 1237 1897 g
1253 1856 1274 1884 e
1291 1855 1332 1884 m
1367 1855 1385 1884 s
1402 1846 1421 1884 t
1439 1856 1464 1884 a
1480 1847 1498 1884 t
1515 1856 1542 1884 u
1560 1841 1630 1884 im
1648 1855 1675 1884 u
1691 1855 1724 1892 s,
1759 1854 1864 1896 quae

292 1909 481 1950 terrendo
504 1908 619 1950 ducit
641 1909 694 1950 ad
721 1909 860 1951 fidem.
890 1908 982 1950 ideo
1010 1907 1162 1963 quippe
1188 1907 1254 1950 lex
1279 1907 1383 1949 iram
1409 1911 1615 1962 operatur,
1642 1911 1690 1949 ut
1716 1906 1861 1949 territo
1889 1917 1932 1948 2⁵

292 1979 418 2029 atque
437 1987 633 2016 conuerso
647 1974 701 2016 ad
718 1974 924 2016 iustitiam
940 1973 1039 2029 legis
1057 1973 1295 2028 inplendam
1308 1973 1373 2015 dei
1389 1972 1670 2015 misericordia
1685 1972 1862 2028 gratiam

292 2039 491 2094 largiatur
502 2052 575 2094 per
587 2040 723 2082 Iesum
736 2039 946 2082 Christum
958 2039 1172 2081 dominum
1189 2044 1391 2089 nostrum,
1405 2038 1475 2093 qui
1491 2042 1555 2080 est
1569 2037 1634 2080 dei
1645 2037 1863 2093 sapientia,

291 2105 340 2146 de
364 2104 745 2159 quascriptumest:
767 2103 1870 2160 legemetmiserieordiaminlingua

399 2213 411 2245 1
437 2211 469 2244 ΙΙ
489 2211 562 2246 Cor.
584 2213 614 2252 4,
635 2211 675 2245 13
761 2211 780 2245 2
799 2211 880 2246 Leu.
901 2211 954 2255 18,
971 2210 993 2245 5
1069 2210 1091 2246 8
1107 2210 1150 2246 cf.
1168 2209 1222 2245 De
1238 2210 1352 2256 gratia
1370 2209 1499 2246 Christi
1516 2210 1548 2251 7,
1565 2209 1666 2246 8—9‚
1683 2209 1735 2244 10.
1751 2207 1806 2250 41,
1820 2209 1863 2244 45

293 2269 424 2313 (CSEL
445 2269 550 2304 XLII
569 2271 753 2305 131—133.
776 2271 854 2315 158)
931 2269 972 2305 15
993 2270 1008 2304 Ι
1026 2269 1101 2306 Cor.
1122 2269 1152 2312 8,
1172 2271 1189 2305 1
1270 2269 1312 2304 16
1331 2270 1366 2303 II
1383 2269 1457 2305 Cor.
1476 2269 1510 2311 3,
1527 2269 1548 2304 6
1609 2268 1652 2304 19
1669 2268 1771 2304 Rom.
1788 2268 1822 2310 5,
1838 2267 1862 2302 5

292 2330 333 2364 24
350 2329 452 2364 Rom.
470 2330 500 2371 3,
519 2329 559 2364 31
642 2330 684 2364 25
701 2329 743 2364 cf.
765 2329 866 2365 Rom.
883 2331 914 2371 4,
933 2329 974 2364 15
1051 2330 1092 2365 27
1109 2329 1151 2364 cf.
1174 2329 1189 2364 I
1206 2329 1280 2365 Gor.
1302 2331 1332 2371 1,
1348 2329 1391 2364 30
1467 2328 1511 2364 28
1528 2328 1630 2364 Prou.
1647 2328 1678 2370 3,
1699 2327 1740 2362 16

397 2402 412 2436 1
441 2400 530 2435 dicit
554 2390 660 2446 a—pso
723 2401 743 2434 2
770 2412 847 2435 eam
869 2400 899 2433 V
981 2401 1002 2435 3
1023 2398 1086 2445 eis]
1112 2399 1182 2436 inis
1202 2399 1277 2435 ΒΜ
1365 2398 1522 2435 sed—eis
1548 2398 1607 2434 si
1627 2397 1731 2444 0m3‚·
1753 2397 1862 2434 sed—

291 2459 446 2505 imperat
460 2459 589 2495 mol«)
635 2458 685 2505 et]
702 2463 744 2494 ut
755 2459 783 2493 V
827 2470 898 2495 non
916 2459 985 2495 fuit
1000 2459 1058 2495 lex
1072 2470 1164 2506 quae
1180 2459 1246 2495 hoc
1261 2459 1416 2508 imperat
1429 2458 1492 2494 sed
1507 2457 1616 2501 fides;
1632 2468 1724 2504 quae
1740 2459 1861 2493 tamen

292 2519 384 2555 fides
400 2522 440 2555 at
454 2519 542 2555 haec
558 2518 669 2554 faciat
684 2529 749 2563 sqq.
762 2520 794 2555 F
852 2519 916 2554 hoe
933 2519 1032 2554 om.V
1082 2520 1104 2555 4
1120 2517 1362 2564 impeiatOmI
1419 2518 1442 2553 5
1457 2518 1535 2564 ipsa
1549 2516 1648 2553 om.V
1699 2516 1721 2552 6
1737 2519 1859 2552 autem

293 2580 392 2615 om]
451 2579 473 2615 8
489 2582 621 2625 quippe
632 2579 722 2614 Dm]
785 2579 806 2613 9
823 2569 1113 2623 loquutio‘numo
1174 2579 1216 2613 12
1232 2576 1567 2624 inspirationeoBV
1619 2577 1662 2612 13
1677 2574 1860 2622 propriaV

294 2640 335 2675 14
360 2639 455 2684 apim
482 2650 507 2674 s.
537 2649 611 2683 θη).
638 2628 719 2684 ε’ρ-ιιι
739 2639 771 2673 D
851 2637 893 2673 16
920 2638 1102 2673 sentencia
1127 2638 1166 2673 in
1191 2647 1257 2672 ras.
1282 2637 1313 2672 Β
1393 2637 1436 2672 17
1462 2639 1582 2672 autem
1607 2635 1696 2671 oni-d
1752 2634 1862 2670 inflat

292 2698 488 2734 scientiaD
547 2696 949 2742 imitata—aedificat]
975 2696 1105 2733 caritas
1121 2696 1290 2733 aedificat
1312 2699 1350 2732 et
1372 2695 1476 2742 quale
1492 2700 1512 2732 δ
1525 2694 1658 2731 caritas
1668 2694 1818 2741 edificat
1831 2693 1864 2730 Ο

295 2757 338 2793 19
353 2768 425 2804 qua
439 2758 523 2794 Oml
594 2757 637 2794 24
653 2767 865 2794 euacuamus
882 2756 993 2802 legem
1005 2757 1039 2791 D
1121 2761 1174 2792 set
1186 2756 1218 2791 Β
1235 2756 1266 2801 (s
1281 2755 1356 2791 add.
1369 2754 1441 2801 mZ)
1509 2754 1552 2790 25
1567 2752 1693 2800 fidem]
1708 2753 1862 2790 uitamo

294 2817 337 2852 26
353 2817 522 2863 inplendo
532 2817 563 2851 V
581 2817 800 2864 implendum
811 2815 842 2851 B
941 2814 1232 2852 misericordia-0
1245 2813 1521 2851 misericordiam
1533 2815 1586 2850 Db
1681 2812 1798 2860 gratia
1808 2811 1864 2848 Db
