2028 3204
145 911 183 940 to

146 1239 183 1268 ¹⁵

144 1568 187 1598 2⁰

87 1904 187 1938 '25

759 181 847 219 liber
874 181 909 217 11
939 183 993 224 14,
1020 182 1166 224 20-17‚
1197 184 1241 219 23
1707 174 1785 217 357

317 308 433 352 XVI.
456 309 520 352 22.
544 308 667 351 Absit
686 322 713 351 a
731 313 788 359 te,
810 307 951 358 frater,
974 312 1022 350 ut
1043 307 1144 350 haec
1165 307 1242 349 tibi
1264 307 1469 363 placeant,
1493 308 1616 359 absit,
1641 315 1687 351 ut
1710 309 1790 353 ista
1814 347 1821 353 .

210 375 275 419 uel
303 374 493 418 didicisse
519 374 704 430 gaudeas
731 373 798 417 uel
825 373 971 416 docere
999 385 1259 429 praesumas;
1289 373 1472 429 alioquin
1504 373 1622 429 longe
1642 375 1787 417 melior

209 440 445 484 inuenietur
472 439 559 496 ipse
588 453 716 496 quam
744 445 806 491 tu,
837 438 936 495 quia
964 438 1006 481 in
1036 439 1204 481 exordio
1234 439 1355 494 primi
1385 440 1448 482 sui
1479 439 1571 482 libri
1600 441 1788 483 modeste

209 512 337 562 atque
367 505 580 549 humiliter
609 504 872 561 praelocutus
904 509 968 547 est
1006 504 1165 547 dicens:
1206 518 1297 546 cum
1328 504 1402 546 tibi
1431 518 1570 559 parere
1599 505 1788 558 desidero,

211 576 345 614 notam
364 571 676 626 praesumtionis
697 571 870 625 incurri‚·
895 576 937 612 et
959 569 1083 626 paulo
1105 576 1219 626 post:
1251 570 1410 624 quando
1439 571 1611 625 quidem,
1635 572 1787 627 inquit,

210 651 280 680 nec
304 637 407 679 mihi
431 637 518 691 ipse
542 637 622 679 sim
646 635 828 679 credulus
852 649 900 678 ea
923 649 1022 690 quae
1047 635 1185 678 dixero
1210 650 1326 690 posse
1350 637 1513 690 probari
1536 637 1793 692 studeamque

210 715 363 757 semper
381 703 501 745 etiam
519 702 729 757 propriam
746 703 982 745 sententiam
1002 715 1083 744 non
1102 702 1216 752 tueri,
1238 703 1277 744 si
1295 702 1559 756 inprobabilis
1579 702 1790 758 deteqatur,

211 773 244 811 et
267 769 321 811 sit
346 768 448 811 mihi
471 768 581 811 cordi
603 768 768 823 proprio
793 767 980 810 damnato
1006 767 1157 810 iudicio
1182 767 1347 810 meliora
1372 769 1500 822 maqis
1526 773 1561 810 et
1585 782 1685 822 quae
1709 769 1793 811 sint

214 835 369 877 ueriora
403 835 555 877 sectari.
609 847 706 877 nam
741 837 785 876 ut
820 837 875 876 est
911 833 1056 887 optimi
1090 834 1289 887 propositi
1324 834 1595 888 laudandique
1631 835 1794 877 consilii

210 900 328 953 facile
356 900 408 942 ad
434 901 592 942 ueriora
619 898 837 949 transduci,
868 899 925 941 ita
953 898 1115 953 inprobi
1142 898 1405 953 obstinatique
1433 899 1580 942 iudicii
1607 904 1662 942 est
1690 900 1794 942 nolle

212 966 331 1008 citiics
363 965 415 1008 ad
451 965 647 1008 tramitem
687 965 858 1007 rationis
890 964 1054 1018 inflecti.
1103 964 1206 1007 haec
1238 966 1392 1021 quippe
1426 965 1491 1007 ille
1524 966 1556 1007 si
1591 966 1794 1008 ueraciter

214 1031 321 1074 dixit
353 1037 480 1087 atque
513 1036 560 1074 ut
594 1030 756 1074 locutus
789 1035 851 1073 est
884 1030 1024 1081 sentit,
1058 1044 1234 1083 magnae
1267 1031 1452 1086 profecto
1486 1032 1571 1086 spei
1605 1032 1790 1074 animum

211 1097 328 1151 gerit.
375 1097 474 1139 item
506 1097 547 1139 in
579 1096 662 1139 fine
692 1096 784 1138 libri
828 1096 1017 1138 secundi:
1067 1109 1138 1138 nec
1166 1101 1292 1150 putes,
1324 1097 1474 1152 inquit,
1507 1097 1560 1139 ad
1589 1097 1795 1139 inuidiam

212 1166 322 1205 tuam
344 1162 516 1216 forsitan
539 1161 818 1213 reuocandum,
855 1174 945 1205 cum
975 1162 1022 1204 in
1044 1166 1114 1204 tua
1137 1161 1329 1204 dictorum
1356 1176 1529 1204 meorum
1555 1164 1795 1205 constituam

214 1232 398 1282 potestate
418 1227 628 1271 iudicium.
666 1242 713 1270 ac
731 1241 782 1270 ne
800 1228 898 1280 sorte
917 1228 1155 1282 cuiusquam
1176 1229 1326 1270 curiosi
1346 1228 1498 1270 lectoris
1518 1229 1673 1270 obtutus
1696 1229 1797 1271 inter

216 1293 354 1336 inlitas
375 1294 502 1347 libras
525 1294 801 1336 elementorum
824 1294 996 1348 uestigia
1015 1294 1264 1335 remanentia
1286 1294 1495 1336 sollicitent
1518 1298 1552 1336 et
1575 1294 1794 1347 offendant,

214 1363 434 1401 coriteaetam
452 1360 626 1414 paqinae
641 1359 783 1401 seriem
799 1358 942 1412 pollice
957 1372 1092 1401 seuero
1110 1359 1287 1414 discerpe
1304 1373 1438 1414 meque
1455 1360 1578 1402 huius
1597 1360 1797 1402 censionis

214 1429 370 1479 experte
392 1425 499 1479 puni
522 1429 742 1467 atramenta
766 1438 866 1478 quae
891 1424 1060 1479 indiqna
1084 1425 1239 1479 eloquia
1263 1426 1537 1479 siqnauerunt,
1565 1439 1615 1467 ne
1638 1426 1712 1468 hac
1735 1439 1797 1468 oc-

214 1491 373 1533 casione
398 1494 431 1532 et
457 1494 571 1532 tuum
596 1504 687 1546 erqa
713 1503 774 1532 me
799 1490 1010 1541 iudicium,
1039 1504 1114 1544 quo
1140 1491 1243 1532 mihi
1269 1491 1513 1533 uehementer
1539 1491 1732 1546 indulqes,
1761 1496 1797 1533 et

216 1569 323 1598 meae
350 1569 450 1610 quae
478 1556 647 1598 latebant
676 1556 852 1610 ineptiae
879 1556 1097 1599 rideantur.

321 1633 460 1676 XVII.
480 1635 543 1676 23.
567 1633 652 1676 Isto
671 1633 797 1689 igitur
814 1647 909 1676 cum
927 1633 994 1675 ille
1010 1647 1106 1676 suos
1125 1633 1250 1676 libros
1269 1640 1310 1677 et
1330 1634 1448 1677 initio
1468 1634 1794 1689 praemuniuerit

215 1704 256 1741 et
283 1699 461 1742 termino
490 1699 810 1742 communiuerit
838 1704 966 1755 atque
993 1699 1078 1741 tuis
1106 1699 1288 1742 humeris
1315 1700 1545 1755 inposuerit
1574 1713 1677 1742 onus
1706 1700 1797 1741 reli—

214 1764 375 1817 giosum
393 1764 658 1807 correctionis
676 1770 718 1807 et
736 1764 1039 1807 emendationis
1057 1778 1169 1816 suae,
1189 1765 1267 1808 hoc
1285 1766 1396 1821 apud
1417 1772 1459 1808 te
1478 1765 1664 1808 inueniat
1684 1766 1794 1821 quod

215 1830 380 1885 petiuit,
399 1836 447 1874 ut
465 1831 658 1873 emendes
675 1844 770 1873 eum
787 1830 923 1873 iustus
939 1830 982 1872 in
999 1830 1281 1873 misericordia
1299 1837 1340 1873 et
1360 1844 1508 1886 arguas
1526 1845 1640 1881 eum;
1661 1831 1796 1873 oleum

217 1901 358 1939 autem
375 1896 617 1951 peccatoris,
637 1909 719 1951 quo
737 1896 1007 1951 inpinguetur
1023 1901 1150 1951 caput
1168 1896 1267 1947 eius,
1288 1896 1397 1939 absit
1416 1911 1440 1939 a
1457 1896 1651 1939 manibus
1668 1902 1798 1951 atquo

303 2085 360 2121 4.5
377 2085 477 2122 Vino.
497 2085 620 2121 Victor
713 2086 754 2121 13
771 2084 870 2120 Vinc.
889 2084 1012 2121 Victor
1103 2086 1146 2121 24
1164 2084 1208 2120 cf.
1227 2086 1283 2122 Ps.
1303 2085 1381 2127 140,
1399 2085 1420 2121 5

304 2206 322 2241 1
340 2205 398 2241 alt.
416 2204 512 2241 absit
525 2205 625 2240 om.E
684 2207 704 2241 2
720 2203 899 2251 didicisse]
912 2204 991 2241 add.
1010 2209 1044 2241 te
1063 2205 1128 2240 ΑΕ
1208 2207 1229 2242 3
1245 2205 1328 2241 libri
1343 2204 1440 2241 suiE
1525 2207 1545 2240 4
1560 2204 1754 2241 desiderem
1767 2206 1800 2241 Ε

219 2263 241 2300 5
258 2264 537 2312 praesumptoris
548 2264 581 2300 D
667 2264 807 2300 incurro
817 2263 927 2300 Fm2c1
1027 2264 1049 2300 6
1063 2264 1226 2301 credulus
1242 2265 1310 2302 sim
1322 2266 1353 2300 E
1452 2267 1471 2301 7
1488 2264 1595 2301 tueris
1611 2266 1692 2311 (om.
1707 2265 1751 2311 si)
1764 2268 1793 2301 A

220 2324 242 2359 8
257 2322 386 2361 iudicio
403 2325 575 2360 damnato
594 2323 740 2361 Roma
862 2327 948 2360 sunt
964 2324 1015 2360 Et
1123 2325 1144 2361 9
1160 2324 1297 2361 nieuw
1411 2328 1474 2362 ute
1490 2325 1546 2360 me
1562 2336 1587 2360 s.
1603 2336 1680 2370 exp.
1695 2316 1800 2361 alito

223 2385 262 2420 11
279 2384 465 2420 attremite
478 2385 509 2420 Α
556 2383 682 2420 infecti
697 2385 729 2419 A
778 2385 819 2420 12
838 2387 879 2419 ut
892 2385 996 2420 om.G
1042 2384 1197 2421 sensitE
1242 2383 1403 2421 animaF
1457 2385 1501 2420 13
1516 2384 1797 2421 item—secundi

222 2454 286 2479 om.
299 2442 391 2480 Boo
452 2445 495 2480 14
511 2443 607 2491 cum]
621 2448 693 2491 qua
705 2443 832 2480 ABCG
849 2443 944 2491 quod
956 2442 987 2477 F
1002 2443 1063 2491 (od
1081 2455 1108 2480 s.
1131 2444 1179 2491 a),
1190 2444 1234 2480 bd
1300 2445 1343 2481 15
1357 2443 1412 2491 ac]
1429 2448 1469 2480 at
1480 2445 1499 2480 b
1569 2447 1720 2491 optutus
1732 2444 1795 2479 AF

222 2502 315 2540 inter
323 2503 423 2539 om.E
482 2503 524 2540 16
534 2502 689 2540 inlicitas
704 2502 835 2539 ABCF
862 2503 1016 2540 licimo
1040 2503 1160 2541 illam
1171 2505 1202 2540 E
1262 2506 1304 2541 17
1328 2507 1523 2541 contextan
1537 2505 1567 2539 A
1631 2504 1797 2549 pollicere

221 2573 306 2599 uero
322 2563 413 2600 BC'G
431 2562 557 2610 pollice
571 2574 655 2600 uero
669 2573 788 2600 sonere
799 2563 831 2599 Ε
854 2562 1104 2610 pollicerequ
1120 2564 1155 2611 (t
1169 2575 1196 2600 s.
1212 2564 1265 2610 re)
1320 2563 1495 2610 discerpet
1506 2564 1537 2599 Ε
1560 2562 1792 2608 discerpereG

223 2633 268 2658 ne
281 2622 324 2669 (s.
335 2622 376 2669 1.)
390 2633 517 2670 meque
526 2622 558 2657 F
570 2633 687 2670 neque
697 2622 728 2659 G
793 2622 998 2660 huiusmodi
1008 2624 1040 2659 E
1104 2624 1147 2661 18
1157 2626 1302 2670 experte
1316 2623 1367 2660 Bb
1388 2625 1535 2670 exparte
1547 2622 1578 2656 F
1594 2623 1629 2668 (e
1643 2633 1670 2656 ε.
1686 2631 1708 2667 ρ.
1721 2621 1796 2666 m2)

223 2682 351 2729 puniat
361 2681 573 2719 BCEFmIG
652 2685 856 2720 stramento
868 2684 888 2720 b
966 2683 1110 2730 indigne
1125 2683 1249 2731 loquis
1259 2684 1292 2719 D
1371 2682 1662 2729 significauemnt
1674 2679 1796 2717 BCFG

224 2739 407 2779 occasione
419 2742 449 2779 Ο
522 2743 565 2779 20
580 2753 680 2789 mace
690 2741 722 2776 F
787 2743 829 2779 21
847 2743 922 2780 Isto
935 2742 1043 2791 igitur
1054 2743 1162 2779 modo
1173 2744 1191 2779 b
1265 2741 1557 2790 pmmunieritc
1639 2741 1684 2776 22
1701 2750 1796 2775 com-

225 2800 429 2838 minueritG
460 2802 515 2839 tui
526 2802 711 2840 summotis
723 2804 755 2839 A
795 2801 972 2850 religionis
987 2803 1064 2840 BGb
1106 2805 1147 2840 24
1159 2802 1366 2839 emendem
1406 2802 1450 2838 25
1462 2800 1666 2847 inpingotur
1677 2798 1794 2835 C'le
