1976 3210
243 207 300 249 96
633 215 659 251 Ι.
685 216 737 251 De
762 219 988 262 peccatorum
1011 216 1146 252 meritis
1169 220 1206 252 et
1228 217 1429 253 remissione

241 341 365 384 modo
384 354 478 396 ergo
496 341 612 383 iubet
630 341 823 384 omnibus
841 342 1078 384 hominibus
1096 347 1143 385 ut
1160 356 1244 385 non
1261 343 1419 385 faciant
1436 343 1567 386 ullum
1584 350 1819 400 peccatum,

244 407 435 463 quamuis
474 407 528 449 sit
565 407 772 462 praescius
811 407 1018 450 neminem
1057 404 1134 450 hoc
1170 408 1438 464 inpleturum,
1467 414 1528 460 ut,
1569 410 1820 466 quicumque

241 473 367 528 impie
403 486 451 514 ac
485 472 780 515 damnabiliter
816 473 901 515 eius
937 478 1160 529 praecepta
1194 474 1533 530 contempserint,
1570 475 1657 531 ipse
1692 476 1822 518 faciat

243 552 385 581 eorum
401 538 671 581 damnatione
686 538 797 594 quod
813 538 970 581 iustum
994 543 1069 590 est,
1096 539 1345 594 quicumque
1369 544 1510 582 autem
1533 540 1576 582 in
1598 541 1684 583 eius
1707 554 1822 596 prae-

244 604 376 659 ceptis
403 603 671 647 oboedienter
696 609 738 646 et
762 604 829 660 pie
854 604 1117 659 proficientes
1142 618 1218 647 nec
1242 610 1385 647 tamen
1411 606 1551 647 omnia
1575 619 1680 662 quae
1706 620 1820 662 prae-

244 670 354 725 cepit
376 669 595 724 inplentes,
619 670 726 711 sicut
748 670 826 712 sibi
840 670 1001 712 dimitti
1022 670 1183 721 uolunt,
1207 670 1264 712 sic
1279 670 1368 713 aliis
1389 677 1563 726 peccata
1577 672 1820 723 dimiserint,

243 735 328 790 ipse
356 735 485 777 faciat
512 735 555 777 in
581 749 724 777 eorum
750 736 1024 778 mundatione
1052 736 1163 791 quod
1190 735 1346 778 bonum
1373 742 1448 779 est.
1477 737 1684 792 quomodo
1712 737 1822 780 enim

242 801 476 843 dimittenti
502 801 734 843 dimittitur
760 814 833 856 per
860 801 925 843 dei
952 801 1287 852 misericordiam,
1317 802 1349 844 si
1376 807 1595 857 peccatum
1621 816 1705 845 non
1732 802 1818 845 est?

243 872 317 909 aut
339 866 548 922 quomodo
570 879 653 908 non
674 871 844 909 uetatur
864 880 936 922 per
957 867 1023 909 dei
1043 867 1262 917 iustitiam,
1286 867 1318 909 si
1339 873 1558 922 peccatum
1579 867 1665 910 est?

348 934 410 975 24.
451 931 530 974 Sed
569 945 661 983 ecce,
704 932 914 987 inquiunt,
948 933 1149 986 apostolus
1184 932 1301 974 dicit:
1342 933 1528 976 bonum
1563 938 1823 976 certamen

241 998 460 1050 eertaui,
484 1010 694 1040 cursum
722 999 1099 1051 consummaui,
1132 998 1292 1051 sidem
1325 1000 1823 1053 seruam-superest

241 1064 372 1105 mihi
399 1076 589 1105 corona
620 1064 888 1116 iustitia&
907 1063 1010 1117 quod
1031 1077 1114 1105 non
1125 1063 1276 1114 diceret,
1301 1065 1339 1106 sa·
1361 1064 1513 1106 haberet
1535 1064 1664 1106 ullum
1686 1077 1820 1118 peeca-

242 1133 336 1171 tum.
358 1129 484 1171 immo
504 1142 602 1171 uero
620 1129 912 1184 respondeant,
927 1130 1134 1184 quomodo
1154 1129 1293 1184 potuit
1312 1130 1413 1171 haec
1431 1130 1578 1181 dicere,
1599 1130 1666 1172 cui
1685 1130 1821 1172 adhuc

240 1194 428 1236 restabat
463 1195 591 1249 ipsius
625 1194 840 1250 passionis,
879 1208 1005 1250 quam
1040 1195 1117 1237 sibi
1139 1195 1223 1237 iam
1257 1195 1479 1250 inpendere
1514 1196 1691 1243 dixerat,
1730 1202 1819 1237 tam

241 1273 393 1314 magna
419 1260 689 1311 conflictatio,
718 1265 808 1302 tam
828 1260 1051 1302 molestum
1081 1265 1124 1303 et
1144 1260 1299 1316 grande
1322 1266 1542 1303 certamen.
1573 1274 1626 1303 an
1653 1261 1705 1303 ad
1734 1261 1820 1303 eius

241 1326 616 1368 consummandum
633 1339 799 1368 cursum
823 1339 972 1381 parum
997 1326 1132 1368 adhuc
1157 1327 1312 1377 deerat,
1341 1327 1507 1381 quando
1534 1326 1634 1368 illud
1659 1326 1815 1376 deerat,

242 1391 313 1433 ubi
360 1396 449 1433 erat
495 1391 661 1433 futurus
713 1391 844 1433 acrior
896 1396 938 1434 et
989 1391 1189 1434 crudelior
1239 1391 1463 1434 inimicus?
1531 1391 1677 1447 quodsi
1724 1392 1816 1434 ideo

241 1457 395 1499 talibus
426 1455 561 1498 uerbis
593 1462 728 1499 certus
761 1461 1009 1513 securusque
1041 1458 1265 1512 gaudebat,
1301 1458 1400 1512 quia
1420 1458 1467 1500 de
1489 1457 1666 1499 uictoria
1685 1457 1817 1499 futuri

243 1522 354 1564 tanti
380 1522 616 1564 certaminis
653 1527 814 1564 certum
837 1536 932 1565 eum
954 1536 1225 1578 securumque
1248 1523 1331 1565 iam
1355 1523 1522 1571 fecerat,
1548 1523 1619 1578 qui
1642 1523 1817 1565 eandem

242 1588 475 1643 passionem
498 1588 582 1629 iam
603 1587 661 1629 illi
683 1587 942 1630 reuelauerat
964 1588 1175 1639 inminere,
1201 1602 1284 1630 non
1306 1602 1349 1630 re
1372 1588 1623 1644 plenissima,
1649 1588 1720 1630 sed
1744 1601 1816 1643 spe

241 1653 480 1695 firmissima
504 1654 605 1695 haec
629 1653 737 1695 dixit
762 1658 804 1695 et
830 1654 941 1709 quod
967 1654 1156 1696 futurum
1182 1667 1267 1696 esse
1292 1653 1573 1709 praesumpsit
1597 1658 1817 1708 tamquam

241 1719 401 1761 factum
410 1719 533 1761 fuerit
543 1718 756 1762 indicauit.
772 1719 908 1774 siergo
923 1719 985 1761 his
999 1719 1135 1762 uerbis
1150 1719 1278 1762 etiam
1290 1719 1366 1761 hoc
1379 1719 1562 1769 adderet,
1579 1723 1626 1761 ut
1639 1719 1813 1761 diceret:

244 1784 416 1827 ‘nullum
432 1785 563 1826 habeo
582 1784 665 1826 iam
688 1785 935 1839 peccatum‘,
954 1785 1031 1827 hoc
1056 1798 1219 1840 quoque
1243 1784 1359 1826 illum
1381 1784 1710 1839 intellegeremus
1734 1797 1817 1826 non

241 1850 293 1892 de
313 1850 370 1892 rei
392 1850 541 1901 factae,
565 1851 635 1892 sed
657 1850 708 1892 de
728 1850 785 1892 rei
807 1851 973 1893 futurae
994 1851 1246 1906 perfectione
1267 1850 1432 1892 dixisse.
1471 1850 1528 1892 sic
1549 1849 1660 1892 enim
1681 1850 1733 1891 ad
1755 1849 1815 1905 ip-

242 1915 324 1958 sius
349 1929 489 1958 cursus
514 1916 915 1958 consummationem
944 1916 1181 1971 pertinebat
1211 1916 1371 1958 nullum
1402 1915 1552 1958 habere
1582 1920 1815 1970 peccatum,

243 1982 354 2036 quod
383 1981 451 2023 isti
480 1986 647 2036 putant,
678 1995 772 2023 cum
802 1982 902 2023 haec
930 1982 1097 2033 diceret,
1128 1982 1211 2023 iam
1239 1981 1282 2023 in
1310 1981 1378 2023 illo
1408 1981 1532 2023 fuisse
1561 1980 1813 2036 conpletum,

335 2147 379 2182 10
394 2147 573 2192 Pelagiani
665 2147 701 2181 ΙΙ
726 2147 813 2182 Tim.
840 2149 871 2189 4,
898 2149 929 2182 7.
957 2148 978 2182 8

334 2290 350 2323 1
364 2288 562 2323 hominibus
575 2290 675 2324 om.A
777 2291 796 2324 2
807 2301 827 2335 q
834 2289 1017 2324 uamiussit
1033 2290 1119 2325 Vm]
1219 2289 1265 2323 sit
1276 2289 1370 2324 οπως
1470 2290 1491 2324 3
1502 2289 1568 2324 hac
1578 2289 1661 2324 Lm]
1673 2289 1716 2324 ad
1732 2287 1818 2323 le

244 2340 375 2393 pcepta
400 2349 431 2383 A
507 2348 757 2393 contempserit
772 2349 934 2384 VKm2A
1005 2351 1023 2384 4
1038 2349 1070 2384 in
1085 2360 1206 2383 eorum
1222 2349 1276 2383 Pd
1346 2348 1575 2383 damnatione
1594 2348 1655 2383 VA
1742 2347 1790 2382 eis
1804 2357 1822 2381 ε

244 2407 325 2442 ssibi
339 2409 371 2442 A
418 2407 491 2442 siA
523 2410 542 2443 7
554 2408 688 2443 faciant
699 2409 783 2443 Lml
830 2408 923 2443 enim
936 2409 1037 2443 om.V
1083 2407 1417 2443 8dimit-tendiVm1
1487 2408 1579 2443 sinL
1624 2407 1821 2442 9aut--est

244 2467 282 2502 in
302 2468 398 2513 ηιμ,
519 2479 587 2503 non
609 2471 663 2502 est
681 2468 782 2509 SPG,
799 2468 836 2502 in
858 2469 887 2503 L
906 2478 971 2503 raS.
994 2468 1016 2503 3
1034 2468 1097 2503 litt.
1215 2469 1251 2503 11
1274 2467 1381 2502 fidem
1400 2478 1504 2509 seru„
1524 2477 1665 2502 cursum
1684 2477 1778 2502 cons.
1799 2466 1822 2501 d

246 2528 288 2561 12
298 2526 421 2562 aberet
432 2528 461 2562 L
503 2529 543 2563 14
555 2519 631 2562 tani
641 2528 724 2562 Lml
769 2527 810 2563 15
821 2527 999 2563 conflictio
1011 2527 1196 2562 Ka.c.ACb
1229 2526 1279 2572 et]
1291 2537 1331 2562 ac
1342 2526 1382 2560 2d
1414 2527 1583 2572 grandem
1595 2527 1679 2562 Lml
1691 2526 1820 2561 orande

245 2585 356 2621 SG'ml
506 2588 546 2622 16
568 2587 812 2622 consumandi‘i
832 2589 865 2622 A
1002 2588 1045 2623 18
1064 2587 1318 2632 secuturusque
1342 2586 1374 2621 P
1516 2586 1695 2632 gaudebat
1715 2585 1766 2620 bis
1785 2584 1817 2620 V

245 2645 356 2680 futuri
372 2657 436 2681 om.
456 2647 488 2681 A
620 2647 661 2682 19
678 2646 846 2682 tantiam.
859 2647 899 2681 κά
1044 2657 1315 2692 securumquem
1331 2646 1415 2681 Lm]
1551 2645 1714 2691 eandem]
1740 2648 1818 2680 tan-

243 2704 324 2739 dem
366 2705 397 2739 'l'
573 2707 613 2741 21
654 2706 865 2752 praesumsit
902 2707 932 2742 L
1116 2708 1159 2742 22
1196 2707 1313 2742 fuerat
1356 2705 1482 2741 SPa.0.
1657 2703 1819 2750 adderet]

243 2765 447 2799 attenderet
468 2765 501 2799 A
625 2767 669 2801 23
686 2766 775 2801 abeo
798 2766 886 2801 Vm]
1010 2766 1076 2802 hoc
1097 2768 1243 2812 peccato
1262 2765 1298 2801 i‘a
1314 2765 1406 2800 ΚΜ]
1517 2765 1561 2800 24
1581 2765 1716 2799 futerae
1732 2764 1817 2800 Lml

246 2823 288 2858 25
306 2816 531 2870 ἶςῡρῒίοηοω
556 2825 589 2859 A
681 2826 726 2860 26
748 2825 783 2860 in
811 2824 928 2861 exilG

1851 945 1892 974 10

1850 1271 1890 1302 15

1846 1599 1891 1629 20

1845 1926 1887 1956 25
