<?xml version="1.0" encoding="UTF-8"?>
<!DOCTYPE html PUBLIC "-//W3C//DTD XHTML 1.0 Transitional//EN"
    "http://www.w3.org/TR/xhtml1/DTD/xhtml1-transitional.dtd">
<html xmlns="http://www.w3.org/1999/xhtml" xml:lang="en" lang="en">
 <head>
  <title>
</title>
<meta http-equiv="Content-Type" content="text/html;charset=utf-8" />
  <meta name='ocr-system' content='tesseract 3.04.00' />
  <meta name='ocr-capabilities' content='ocr_page ocr_carea ocr_par ocr_line ocrx_word'/>
</head>
<body>
  <div class='ocr_page' id='page_1' title='image "./corpusscriptorum60auguuoft_0041.png"; bbox 0 0 1976 3210; ppageno 0'>
   <div class='ocr_carea' id='block_1_1' title="bbox 0 2531 85 3210">
    <p class='ocr_par' dir='ltr' id='par_1_1' title="bbox 0 2531 85 3210">
     <span class='ocr_line' id='line_1_1' title="bbox 0 2531 85 3210; baseline 0 0"><span class='ocrx_word' id='word_1_1' title='bbox 0 2531 85 3210; x_wconf 95' lang='lat' dir='ltr'><strong> </strong></span> 
     </span>
    </p>
   </div>
   <div class='ocr_carea' id='block_1_2' title="bbox 108 970 146 999">
    <p class='ocr_par' dir='ltr' id='par_1_2' title="bbox 108 970 146 999">
     <span class='ocr_line' id='line_1_2' title="bbox 108 970 146 999; baseline 0 0"><span class='ocrx_word' id='word_1_2' title='bbox 108 970 146 999; x_wconf 87' lang='grc'><strong>10</strong></span> 
     </span>
    </p>
   </div>
   <div class='ocr_carea' id='block_1_3' title="bbox 109 1300 145 1329">
    <p class='ocr_par' dir='ltr' id='par_1_3' title="bbox 109 1300 145 1329">
     <span class='ocr_line' id='line_1_3' title="bbox 109 1300 145 1329; baseline 0.028 -1"><span class='ocrx_word' id='word_1_3' title='bbox 109 1300 145 1329; x_wconf 84' lang='grc'><strong>15</strong></span> 
     </span>
    </p>
   </div>
   <div class='ocr_carea' id='block_1_4' title="bbox 105 1629 147 1659">
    <p class='ocr_par' dir='ltr' id='par_1_4' title="bbox 105 1629 147 1659">
     <span class='ocr_line' id='line_1_4' title="bbox 105 1629 147 1659; baseline -0.048 0"><span class='ocrx_word' id='word_1_4' title='bbox 105 1629 147 1659; x_wconf 81' lang='grc'><strong>20</strong></span> 
     </span>
    </p>
   </div>
   <div class='ocr_carea' id='block_1_5' title="bbox 106 1959 146 1989">
    <p class='ocr_par' dir='ltr' id='par_1_5' title="bbox 106 1959 146 1989">
     <span class='ocr_line' id='line_1_5' title="bbox 106 1959 146 1989; baseline -0.025 0"><span class='ocrx_word' id='word_1_5' title='bbox 106 1959 146 1989; x_wconf 81' lang='grc'><strong>25</strong></span> 
     </span>
    </p>
   </div>
   <div class='ocr_carea' id='block_1_6' title="bbox 786 227 1756 279">
    <p class='ocr_par' dir='ltr' id='par_1_6' title="bbox 786 227 1756 279">
     <span class='ocr_line' id='line_1_6' title="bbox 786 227 1756 279; baseline -0.004 -7"><span class='ocrx_word' id='word_1_6' title='bbox 786 237 874 273; x_wconf 84' lang='lat' dir='ltr'><strong>liber</strong></span> <span class='ocrx_word' id='word_1_7' title='bbox 897 236 914 272; x_wconf 92' lang='lat'>1</span> <span class='ocrx_word' id='word_1_8' title='bbox 935 237 968 279; x_wconf 89' lang='grc'><strong>8,</strong></span> <span class='ocrx_word' id='word_1_9' title='bbox 991 237 1091 279; x_wconf 89' lang='grc'>8-9,</span> <span class='ocrx_word' id='word_1_10' title='bbox 1115 236 1159 272; x_wconf 95' lang='grc'><strong>10</strong></span> <span class='ocrx_word' id='word_1_11' title='bbox 1710 227 1756 268; x_wconf 88' lang='grc'><strong>11</strong></span> 
     </span>
    </p>
   </div>
   <div class='ocr_carea' id='block_1_7' title="bbox 173 361 1762 2134">
    <p class='ocr_par' dir='ltr' id='par_1_7' title="bbox 174 361 1758 552">
     <span class='ocr_line' id='line_1_7' title="bbox 174 361 1758 419; baseline -0.002 -13"><span class='ocrx_word' id='word_1_12' title='bbox 174 376 270 407; x_wconf 91' lang='lat' dir='ltr'><strong>cum</strong></span> <span class='ocrx_word' id='word_1_13' title='bbox 299 362 400 406; x_wconf 91' lang='lat' dir='ltr'><strong>illud</strong></span> <span class='ocrx_word' id='word_1_14' title='bbox 432 366 652 419; x_wconf 90' lang='lat' dir='ltr'><strong>peccatum</strong></span> <span class='ocrx_word' id='word_1_15' title='bbox 682 375 731 405; x_wconf 88' lang='lat' dir='ltr'><strong>ac</strong></span> <span class='ocrx_word' id='word_1_16' title='bbox 760 366 939 405; x_wconf 89' lang='lat' dir='ltr'><strong>mortem</strong></span> <span class='ocrx_word' id='word_1_17' title='bbox 968 366 1327 412; x_wconf 88' lang='lat' dir='ltr'><strong>commemoraret,</strong></span> <span class='ocrx_word' id='word_1_18' title='bbox 1373 374 1478 417; x_wconf 89' lang='lat' dir='ltr'><strong>quae</strong></span> <span class='ocrx_word' id='word_1_19' title='bbox 1510 361 1563 403; x_wconf 92' lang='lat' dir='ltr'><strong>ab</strong></span> <span class='ocrx_word' id='word_1_20' title='bbox 1603 375 1685 404; x_wconf 90' lang='lat' dir='ltr'><strong>uno</strong></span> <span class='ocrx_word' id='word_1_21' title='bbox 1716 361 1758 404; x_wconf 88' lang='lat' dir='ltr'><strong>in</strong></span> 
     </span>
     <span class='ocr_line' id='line_1_8' title="bbox 175 427 1758 486; baseline -0.002 -14"><span class='ocrx_word' id='word_1_22' title='bbox 175 443 318 472; x_wconf 90' lang='lat' dir='ltr'><strong>omnes</strong></span> <span class='ocrx_word' id='word_1_23' title='bbox 346 428 646 486; x_wconf 85' lang='lat' dir='ltr'>propagatione</span> <span class='ocrx_word' id='word_1_24' title='bbox 674 428 904 478; x_wconf 84' lang='lat' dir='ltr'><strong>transisset,</strong></span> <span class='ocrx_word' id='word_1_25' title='bbox 935 441 1030 470; x_wconf 88' lang='lat' dir='ltr'><strong>eum</strong></span> <span class='ocrx_word' id='word_1_26' title='bbox 1058 427 1287 483; x_wconf 92' lang='lat' dir='ltr'><strong>principem</strong></span> <span class='ocrx_word' id='word_1_27' title='bbox 1316 427 1470 483; x_wconf 87' lang='lat' dir='ltr'><strong>posuit,</strong></span> <span class='ocrx_word' id='word_1_28' title='bbox 1501 441 1526 469; x_wconf 91' lang='lat' dir='ltr'><strong>a</strong></span> <span class='ocrx_word' id='word_1_29' title='bbox 1554 441 1636 483; x_wconf 92' lang='lat' dir='ltr'><strong>quo</strong></span> <span class='ocrx_word' id='word_1_30' title='bbox 1666 441 1758 483; x_wconf 89' lang='lat' dir='ltr'><strong>pro-</strong></span> 
     </span>
     <span class='ocr_line' id='line_1_9' title="bbox 174 493 1195 552; baseline -0.003 -14"><span class='ocrx_word' id='word_1_31' title='bbox 174 495 344 552; x_wconf 88' lang='lat' dir='ltr'><strong>pagatio</strong></span> <span class='ocrx_word' id='word_1_32' title='bbox 371 495 532 552; x_wconf 91' lang='lat' dir='ltr'><strong>generis</strong></span> <span class='ocrx_word' id='word_1_33' title='bbox 560 494 732 538; x_wconf 91' lang='lat' dir='ltr'><strong>humani</strong></span> <span class='ocrx_word' id='word_1_34' title='bbox 759 493 938 550; x_wconf 85' lang='lat' dir='ltr'><strong>sumpsit</strong></span> <span class='ocrx_word' id='word_1_35' title='bbox 965 493 1195 536; x_wconf 85' lang='lat' dir='ltr'><strong>exordium.</strong></span> 
     </span>
    </p>

    <p class='ocr_par' dir='ltr' id='par_1_8' title="bbox 173 558 1762 2134">
     <span class='ocr_line' id='line_1_10' title="bbox 284 558 1758 616; baseline -0.002 -12"><span class='ocrx_word' id='word_1_36' title='bbox 284 562 344 605; x_wconf 91' lang='lat'><strong>10.</strong></span> <span class='ocrx_word' id='word_1_37' title='bbox 386 561 614 604; x_wconf 86' lang='lat' dir='ltr'><strong>Imitantur</strong></span> <span class='ocrx_word' id='word_1_38' title='bbox 651 560 820 616; x_wconf 89' lang='lat' dir='ltr'><strong>quidem</strong></span> <span class='ocrx_word' id='word_1_39' title='bbox 857 560 1006 611; x_wconf 84' lang='lat' dir='ltr'><strong>Adam,</strong></span> <span class='ocrx_word' id='word_1_40' title='bbox 1046 564 1257 615; x_wconf 87' lang='lat' dir='ltr'><strong>quotquot</strong></span> <span class='ocrx_word' id='word_1_41' title='bbox 1294 572 1366 614; x_wconf 87' lang='lat' dir='ltr'><strong>per</strong></span> <span class='ocrx_word' id='word_1_42' title='bbox 1403 558 1758 601; x_wconf 80' lang='lat' dir='ltr'><strong>inoboedientiam</strong></span> 
     </span>
     <span class='ocr_line' id='line_1_11' title="bbox 175 624 1758 683; baseline -0.002 -13"><span class='ocrx_word' id='word_1_43' title='bbox 175 627 538 683; x_wconf 87' lang='lat' dir='ltr'><strong>transgrediuntur</strong></span> <span class='ocrx_word' id='word_1_44' title='bbox 562 627 813 669; x_wconf 91' lang='lat' dir='ltr'><strong>mandatum</strong></span> <span class='ocrx_word' id='word_1_45' title='bbox 838 626 924 677; x_wconf 89' lang='lat' dir='ltr'><strong>dei;</strong></span> <span class='ocrx_word' id='word_1_46' title='bbox 965 626 1036 669; x_wconf 91' lang='lat' dir='ltr'><strong>sed</strong></span> <span class='ocrx_word' id='word_1_47' title='bbox 1064 625 1177 668; x_wconf 91' lang='lat' dir='ltr'><strong>aliud</strong></span> <span class='ocrx_word' id='word_1_48' title='bbox 1204 631 1267 667; x_wconf 91' lang='lat' dir='ltr'><strong>est</strong></span> <span class='ocrx_word' id='word_1_49' title='bbox 1294 625 1405 680; x_wconf 87' lang='lat' dir='ltr'><strong>quod</strong></span> <span class='ocrx_word' id='word_1_50' title='bbox 1433 624 1670 680; x_wconf 86' lang='lat' dir='ltr'><strong>exemplum</strong></span> <span class='ocrx_word' id='word_1_51' title='bbox 1697 630 1758 667; x_wconf 88' lang='lat' dir='ltr'><strong>est</strong></span> 
     </span>
     <span class='ocr_line' id='line_1_12' title="bbox 174 691 1759 749; baseline -0.002 -13"><span class='ocrx_word' id='word_1_52' title='bbox 174 693 394 736; x_wconf 89' lang='lat' dir='ltr'><strong>uoluntate</strong></span> <span class='ocrx_word' id='word_1_53' title='bbox 424 692 707 749; x_wconf 82' lang='lat' dir='ltr'><strong>peccantibus,</strong></span> <span class='ocrx_word' id='word_1_54' title='bbox 740 692 852 735; x_wconf 91' lang='lat' dir='ltr'><strong>aliud</strong></span> <span class='ocrx_word' id='word_1_55' title='bbox 884 693 996 748; x_wconf 94' lang='lat' dir='ltr'><strong>quod</strong></span> <span class='ocrx_word' id='word_1_56' title='bbox 1027 691 1139 747; x_wconf 88' lang='lat' dir='ltr'><strong>origo</strong></span> <span class='ocrx_word' id='word_1_57' title='bbox 1169 696 1233 734; x_wconf 91' lang='lat' dir='ltr'><strong>est</strong></span> <span class='ocrx_word' id='word_1_58' title='bbox 1262 705 1357 734; x_wconf 89' lang='lat' dir='ltr'><strong>cum</strong></span> <span class='ocrx_word' id='word_1_59' title='bbox 1387 696 1559 746; x_wconf 87' lang='lat' dir='ltr'><strong>peccato</strong></span> <span class='ocrx_word' id='word_1_60' title='bbox 1590 705 1759 734; x_wconf 84' lang='lat' dir='ltr'><strong>nascen-</strong></span> 
     </span>
     <span class='ocr_line' id='line_1_13' title="bbox 175 757 1758 812; baseline -0.003 -10"><span class='ocrx_word' id='word_1_61' title='bbox 175 759 300 802; x_wconf 88' lang='lat' dir='ltr'><strong>tibus.</strong></span> <span class='ocrx_word' id='word_1_62' title='bbox 341 773 440 802; x_wconf 93' lang='lat' dir='ltr'><strong>nam</strong></span> <span class='ocrx_word' id='word_1_63' title='bbox 464 764 506 802; x_wconf 94' lang='lat' dir='ltr'><strong>et</strong></span> <span class='ocrx_word' id='word_1_64' title='bbox 531 759 742 802; x_wconf 88' lang='lat' dir='ltr'><strong>Christum</strong></span> <span class='ocrx_word' id='word_1_65' title='bbox 766 758 988 801; x_wconf 89' lang='lat' dir='ltr'><strong>imitantur</strong></span> <span class='ocrx_word' id='word_1_66' title='bbox 1011 757 1146 800; x_wconf 90' lang='lat' dir='ltr'><strong>sancti</strong></span> <span class='ocrx_word' id='word_1_67' title='bbox 1171 757 1257 800; x_wconf 89' lang='lat' dir='ltr'><strong>eius</strong></span> <span class='ocrx_word' id='word_1_68' title='bbox 1283 758 1335 799; x_wconf 90' lang='lat' dir='ltr'><strong>ad</strong></span> <span class='ocrx_word' id='word_1_69' title='bbox 1360 758 1616 812; x_wconf 87' lang='lat' dir='ltr'><strong>sequendam</strong></span> <span class='ocrx_word' id='word_1_70' title='bbox 1642 757 1758 799; x_wconf 80' lang='lat' dir='ltr'><strong>iusti-</strong></span> 
     </span>
     <span class='ocr_line' id='line_1_14' title="bbox 175 823 1760 881; baseline -0.002 -13"><span class='ocrx_word' id='word_1_71' title='bbox 175 825 291 868; x_wconf 86' lang='lat' dir='ltr'><strong>tiam.</strong></span> <span class='ocrx_word' id='word_1_72' title='bbox 313 826 422 868; x_wconf 88' lang='lat' dir='ltr'><strong>unde</strong></span> <span class='ocrx_word' id='word_1_73' title='bbox 440 830 482 867; x_wconf 87' lang='lat' dir='ltr'><strong>et</strong></span> <span class='ocrx_word' id='word_1_74' title='bbox 500 825 610 868; x_wconf 86' lang='lat' dir='ltr'><strong>idem</strong></span> <span class='ocrx_word' id='word_1_75' title='bbox 628 824 841 881; x_wconf 89' lang='lat' dir='ltr'><strong>apostolus</strong></span> <span class='ocrx_word' id='word_1_76' title='bbox 859 824 980 867; x_wconf 89' lang='lat' dir='ltr'><strong>dicit:</strong></span> <span class='ocrx_word' id='word_1_77' title='bbox 1006 823 1295 866; x_wconf 89' lang='lat' dir='ltr'><strong>imitatores</strong></span> <span class='ocrx_word' id='word_1_78' title='bbox 1322 823 1414 865; x_wconf 91' lang='lat' dir='ltr'><strong>mei</strong></span> <span class='ocrx_word' id='word_1_79' title='bbox 1439 827 1602 865; x_wconf 90' lang='lat' dir='ltr'><strong>estote</strong></span> <span class='ocrx_word' id='word_1_80' title='bbox 1626 823 1760 865; x_wconf 89' lang='lat' dir='ltr'><strong>sicut</strong></span> 
     </span>
     <span class='ocr_line' id='line_1_15' title="bbox 175 889 1759 947; baseline -0.002 -13"><span class='ocrx_word' id='word_1_81' title='bbox 175 896 223 934; x_wconf 87' lang='lat' dir='ltr'><strong>et</strong></span> <span class='ocrx_word' id='word_1_82' title='bbox 253 905 338 947; x_wconf 86' lang='lat' dir='ltr'><strong>ego</strong></span> <span class='ocrx_word' id='word_1_83' title='bbox 363 891 563 935; x_wconf 89' lang='lat' dir='ltr'><strong>Christi.</strong></span> <span class='ocrx_word' id='word_1_84' title='bbox 604 891 675 934; x_wconf 91' lang='lat' dir='ltr'><strong>sed</strong></span> <span class='ocrx_word' id='word_1_85' title='bbox 701 895 865 946; x_wconf 86' lang='lat' dir='ltr'><strong>praeter</strong></span> <span class='ocrx_word' id='word_1_86' title='bbox 890 890 996 933; x_wconf 89' lang='lat' dir='ltr'><strong>hanc</strong></span> <span class='ocrx_word' id='word_1_87' title='bbox 1020 889 1301 932; x_wconf 89' lang='lat' dir='ltr'><strong>imitationem</strong></span> <span class='ocrx_word' id='word_1_88' title='bbox 1324 889 1462 945; x_wconf 86' lang='lat' dir='ltr'><strong>gratia</strong></span> <span class='ocrx_word' id='word_1_89' title='bbox 1485 889 1570 931; x_wconf 89' lang='lat' dir='ltr'><strong>eius</strong></span> <span class='ocrx_word' id='word_1_90' title='bbox 1596 889 1759 932; x_wconf 86' lang='lat' dir='ltr'><strong>inlumi-</strong></span> 
     </span>
     <span class='ocr_line' id='line_1_16' title="bbox 174 955 1760 1013; baseline -0.001 -14"><span class='ocrx_word' id='word_1_91' title='bbox 174 957 389 1000; x_wconf 84' lang='lat' dir='ltr'><strong>nationem</strong></span> <span class='ocrx_word' id='word_1_92' title='bbox 425 957 852 1013; x_wconf 83' lang='lat' dir='ltr'><strong>iustificationemque</strong></span> <span class='ocrx_word' id='word_1_93' title='bbox 888 961 1077 999; x_wconf 89' lang='lat' dir='ltr'><strong>nostram</strong></span> <span class='ocrx_word' id='word_1_94' title='bbox 1113 956 1242 998; x_wconf 88' lang='lat' dir='ltr'><strong>etiam</strong></span> <span class='ocrx_word' id='word_1_95' title='bbox 1279 955 1526 998; x_wconf 89' lang='lat' dir='ltr'><strong>intrinsecus</strong></span> <span class='ocrx_word' id='word_1_96' title='bbox 1564 960 1760 1010; x_wconf 84' lang='lat' dir='ltr'><strong>operatur</strong></span> 
     </span>
     <span class='ocr_line' id='line_1_17' title="bbox 175 1021 1760 1079; baseline -0.001 -15"><span class='ocrx_word' id='word_1_97' title='bbox 175 1023 243 1066; x_wconf 91' lang='lat' dir='ltr'><strong>illo</strong></span> <span class='ocrx_word' id='word_1_98' title='bbox 261 1037 395 1079; x_wconf 76' lang='lat' dir='ltr'><strong>opere,</strong></span> <span class='ocrx_word' id='word_1_99' title='bbox 415 1023 466 1066; x_wconf 93' lang='lat' dir='ltr'><strong>de</strong></span> <span class='ocrx_word' id='word_1_100' title='bbox 486 1037 568 1079; x_wconf 91' lang='lat' dir='ltr'><strong>quo</strong></span> <span class='ocrx_word' id='word_1_101' title='bbox 585 1023 697 1066; x_wconf 91' lang='lat' dir='ltr'><strong>idem</strong></span> <span class='ocrx_word' id='word_1_102' title='bbox 714 1022 978 1079; x_wconf 89' lang='lat' dir='ltr'><strong>praedicator</strong></span> <span class='ocrx_word' id='word_1_103' title='bbox 995 1022 1081 1065; x_wconf 93' lang='lat' dir='ltr'><strong>eius</strong></span> <span class='ocrx_word' id='word_1_104' title='bbox 1099 1021 1220 1065; x_wconf 91' lang='lat' dir='ltr'><strong>dicit:</strong></span> <span class='ocrx_word' id='word_1_105' title='bbox 1250 1035 1414 1077; x_wconf 91' lang='lat' dir='ltr'><strong>neque</strong></span> <span class='ocrx_word' id='word_1_106' title='bbox 1441 1021 1527 1076; x_wconf 93' lang='lat' dir='ltr'><strong>qui</strong></span> <span class='ocrx_word' id='word_1_107' title='bbox 1554 1021 1635 1076; x_wconf 86' lang='lat' dir='ltr'><strong>pla</strong></span> <span class='ocrx_word' id='word_1_108' title='bbox 1648 1026 1760 1064; x_wconf 87' lang='lat' dir='ltr'><strong>ntat</strong></span> 
     </span>
     <span class='ocr_line' id='line_1_18' title="bbox 175 1087 1760 1145; baseline -0.001 -14"><span class='ocrx_word' id='word_1_109' title='bbox 175 1094 250 1132; x_wconf 92' lang='lat' dir='ltr'><strong>est</strong></span> <span class='ocrx_word' id='word_1_110' title='bbox 283 1089 483 1145; x_wconf 89' lang='lat' dir='ltr'><strong>aliquid</strong></span> <span class='ocrx_word' id='word_1_111' title='bbox 520 1102 683 1145; x_wconf 92' lang='lat' dir='ltr'><strong>neque</strong></span> <span class='ocrx_word' id='word_1_112' title='bbox 719 1089 806 1145; x_wconf 90' lang='lat' dir='ltr'><strong>qui</strong></span> <span class='ocrx_word' id='word_1_113' title='bbox 840 1088 983 1144; x_wconf 90' lang='lat' dir='ltr'><strong>rigat,</strong></span> <span class='ocrx_word' id='word_1_114' title='bbox 1020 1088 1104 1130; x_wconf 92' lang='lat' dir='ltr'><strong>sed</strong></span> <span class='ocrx_word' id='word_1_115' title='bbox 1140 1087 1227 1144; x_wconf 90' lang='lat' dir='ltr'><strong>qui</strong></span> <span class='ocrx_word' id='word_1_116' title='bbox 1261 1088 1639 1130; x_wconf 88' lang='lat' dir='ltr'><strong>incrementum</strong></span> <span class='ocrx_word' id='word_1_117' title='bbox 1673 1087 1760 1130; x_wconf 90' lang='lat' dir='ltr'><strong>dat</strong></span> 
     </span>
     <span class='ocr_line' id='line_1_19' title="bbox 173 1153 1760 1210; baseline -0.002 -12"><span class='ocrx_word' id='word_1_118' title='bbox 173 1156 308 1198; x_wconf 83' lang='lat' dir='ltr'><strong>deus,</strong></span> <span class='ocrx_word' id='word_1_119' title='bbox 360 1156 437 1198; x_wconf 87' lang='lat' dir='ltr'><strong>hac</strong></span> <span class='ocrx_word' id='word_1_120' title='bbox 479 1155 589 1198; x_wconf 92' lang='lat' dir='ltr'><strong>enim</strong></span> <span class='ocrx_word' id='word_1_121' title='bbox 630 1155 767 1210; x_wconf 89' lang='lat' dir='ltr'><strong>gratia</strong></span> <span class='ocrx_word' id='word_1_122' title='bbox 808 1154 1046 1210; x_wconf 89' lang='lat' dir='ltr'><strong>baptizatos</strong></span> <span class='ocrx_word' id='word_1_123' title='bbox 1081 1167 1247 1210; x_wconf 90' lang='lat' dir='ltr'><strong>quoque</strong></span> <span class='ocrx_word' id='word_1_124' title='bbox 1280 1153 1476 1209; x_wconf 84' lang='lat' dir='ltr'><strong>paruulos</strong></span> <span class='ocrx_word' id='word_1_125' title='bbox 1509 1167 1583 1195; x_wconf 91' lang='lat' dir='ltr'><strong>suo</strong></span> <span class='ocrx_word' id='word_1_126' title='bbox 1617 1153 1760 1196; x_wconf 86' lang='lat' dir='ltr'><strong>inserit</strong></span> 
     </span>
     <span class='ocr_line' id='line_1_20' title="bbox 174 1219 1757 1277; baseline -0.002 -13"><span class='ocrx_word' id='word_1_127' title='bbox 174 1221 348 1277; x_wconf 90' lang='lat' dir='ltr'><strong>corpori,</strong></span> <span class='ocrx_word' id='word_1_128' title='bbox 379 1222 449 1277; x_wconf 88' lang='lat' dir='ltr'><strong>qui</strong></span> <span class='ocrx_word' id='word_1_129' title='bbox 477 1226 588 1264; x_wconf 89' lang='lat' dir='ltr'><strong>certe</strong></span> <span class='ocrx_word' id='word_1_130' title='bbox 615 1221 770 1277; x_wconf 82' lang='lat' dir='ltr'><strong>imitari</strong></span> <span class='ocrx_word' id='word_1_131' title='bbox 797 1221 979 1276; x_wconf 88' lang='lat' dir='ltr'><strong>aliquem</strong></span> <span class='ocrx_word' id='word_1_132' title='bbox 1005 1221 1193 1263; x_wconf 91' lang='lat' dir='ltr'><strong>nondum</strong></span> <span class='ocrx_word' id='word_1_133' title='bbox 1221 1220 1376 1262; x_wconf 84' lang='lat' dir='ltr'><strong>ualent.</strong></span> <span class='ocrx_word' id='word_1_134' title='bbox 1420 1219 1528 1262; x_wconf 89' lang='lat' dir='ltr'><strong>sicut</strong></span> <span class='ocrx_word' id='word_1_135' title='bbox 1556 1233 1650 1274; x_wconf 86' lang='lat' dir='ltr'><strong>ergo</strong></span> <span class='ocrx_word' id='word_1_136' title='bbox 1680 1219 1757 1267; x_wconf 83' lang='lat' dir='ltr'><strong>ille,</strong></span> 
     </span>
     <span class='ocr_line' id='line_1_21' title="bbox 175 1285 1759 1343; baseline -0.001 -13"><span class='ocrx_word' id='word_1_137' title='bbox 175 1287 217 1330; x_wconf 92' lang='lat' dir='ltr'><strong>in</strong></span> <span class='ocrx_word' id='word_1_138' title='bbox 243 1301 325 1343; x_wconf 89' lang='lat' dir='ltr'><strong>quo</strong></span> <span class='ocrx_word' id='word_1_139' title='bbox 353 1301 495 1330; x_wconf 89' lang='lat' dir='ltr'><strong>omnes</strong></span> <span class='ocrx_word' id='word_1_140' title='bbox 523 1287 593 1330; x_wconf 89' lang='lat' dir='ltr'><strong>uiu</strong></span> <span class='ocrx_word' id='word_1_141' title='bbox 612 1287 806 1338; x_wconf 80' lang='lat' dir='ltr'><strong>ficantur,</strong></span> <span class='ocrx_word' id='word_1_142' title='bbox 834 1291 999 1342; x_wconf 87' lang='lat' dir='ltr'><strong>praeter</strong></span> <span class='ocrx_word' id='word_1_143' title='bbox 1020 1286 1130 1342; x_wconf 90' lang='lat' dir='ltr'><strong>quod</strong></span> <span class='ocrx_word' id='word_1_144' title='bbox 1158 1300 1200 1328; x_wconf 89' lang='lat' dir='ltr'><strong>se</strong></span> <span class='ocrx_word' id='word_1_145' title='bbox 1221 1286 1273 1328; x_wconf 88' lang='lat' dir='ltr'><strong>ad</strong></span> <span class='ocrx_word' id='word_1_146' title='bbox 1296 1285 1502 1329; x_wconf 88' lang='lat' dir='ltr'><strong>iustitiam</strong></span> <span class='ocrx_word' id='word_1_147' title='bbox 1523 1285 1759 1340; x_wconf 87' lang='lat' dir='ltr'><strong>exemplum</strong></span> 
     </span>
     <span class='ocr_line' id='line_1_22' title="bbox 175 1351 1759 1409; baseline -0.001 -13"><span class='ocrx_word' id='word_1_148' title='bbox 175 1353 439 1396; x_wconf 87' lang='lat' dir='ltr'><strong>imitantibus</strong></span> <span class='ocrx_word' id='word_1_149' title='bbox 462 1353 668 1409; x_wconf 88' lang='lat' dir='ltr'><strong>praebuit,</strong></span> <span class='ocrx_word' id='word_1_150' title='bbox 691 1353 767 1395; x_wconf 87' lang='lat' dir='ltr'><strong>dat</strong></span> <span class='ocrx_word' id='word_1_151' title='bbox 789 1353 918 1395; x_wconf 86' lang='lat' dir='ltr'><strong>etiam</strong></span> <span class='ocrx_word' id='word_1_152' title='bbox 940 1352 1003 1394; x_wconf 91' lang='lat' dir='ltr'><strong>sui</strong></span> <span class='ocrx_word' id='word_1_153' title='bbox 1025 1352 1195 1408; x_wconf 90' lang='lat' dir='ltr'><strong>spiritus</strong></span> <span class='ocrx_word' id='word_1_154' title='bbox 1220 1351 1544 1394; x_wconf 85' lang='lat' dir='ltr'><strong>occultissimam</strong></span> <span class='ocrx_word' id='word_1_155' title='bbox 1567 1351 1759 1394; x_wconf 86' lang='lat' dir='ltr'><strong>fidelibus</strong></span> 
     </span>
     <span class='ocr_line' id='line_1_23' title="bbox 174 1417 1758 1475; baseline -0.001 -14"><span class='ocrx_word' id='word_1_156' title='bbox 174 1419 367 1475; x_wconf 82' lang='lat' dir='ltr'><strong>gratiam,</strong></span> <span class='ocrx_word' id='word_1_157' title='bbox 389 1433 516 1475; x_wconf 90' lang='lat' dir='ltr'><strong>quam</strong></span> <span class='ocrx_word' id='word_1_158' title='bbox 534 1419 714 1461; x_wconf 89' lang='lat' dir='ltr'><strong>latenter</strong></span> <span class='ocrx_word' id='word_1_159' title='bbox 732 1418 917 1461; x_wconf 87' lang='lat' dir='ltr'><strong>infundit</strong></span> <span class='ocrx_word' id='word_1_160' title='bbox 936 1422 978 1460; x_wconf 89' lang='lat' dir='ltr'><strong>et</strong></span> <span class='ocrx_word' id='word_1_161' title='bbox 997 1418 1194 1474; x_wconf 89' lang='lat' dir='ltr'><strong>paruulis,</strong></span> <span class='ocrx_word' id='word_1_162' title='bbox 1215 1417 1272 1459; x_wconf 91' lang='lat' dir='ltr'><strong>sic</strong></span> <span class='ocrx_word' id='word_1_163' title='bbox 1291 1422 1333 1460; x_wconf 88' lang='lat' dir='ltr'><strong>et</strong></span> <span class='ocrx_word' id='word_1_164' title='bbox 1352 1417 1430 1467; x_wconf 84' lang='lat' dir='ltr'><strong>ille,</strong></span> <span class='ocrx_word' id='word_1_165' title='bbox 1451 1417 1494 1459; x_wconf 91' lang='lat' dir='ltr'><strong>in</strong></span> <span class='ocrx_word' id='word_1_166' title='bbox 1514 1430 1596 1472; x_wconf 91' lang='lat' dir='ltr'><strong>quo</strong></span> <span class='ocrx_word' id='word_1_167' title='bbox 1617 1431 1758 1460; x_wconf 86' lang='lat' dir='ltr'><strong>omnes</strong></span> 
     </span>
     <span class='ocr_line' id='line_1_24' title="bbox 176 1483 1760 1540; baseline -0.001 -13"><span class='ocrx_word' id='word_1_168' title='bbox 176 1485 422 1535; x_wconf 85' lang='lat' dir='ltr'><strong>moriuntur,</strong></span> <span class='ocrx_word' id='word_1_169' title='bbox 442 1490 607 1540; x_wconf 88' lang='lat' dir='ltr'><strong>praeter</strong></span> <span class='ocrx_word' id='word_1_170' title='bbox 625 1485 736 1540; x_wconf 90' lang='lat' dir='ltr'><strong>quod</strong></span> <span class='ocrx_word' id='word_1_171' title='bbox 755 1484 812 1526; x_wconf 92' lang='lat' dir='ltr'><strong>eis</strong></span> <span class='ocrx_word' id='word_1_172' title='bbox 832 1484 902 1539; x_wconf 92' lang='lat' dir='ltr'><strong>qui</strong></span> <span class='ocrx_word' id='word_1_173' title='bbox 921 1488 1192 1540; x_wconf 89' lang='lat' dir='ltr'><strong>praeceptum</strong></span> <span class='ocrx_word' id='word_1_174' title='bbox 1209 1483 1367 1526; x_wconf 93' lang='lat' dir='ltr'><strong>domini</strong></span> <span class='ocrx_word' id='word_1_175' title='bbox 1386 1483 1607 1525; x_wconf 89' lang='lat' dir='ltr'><strong>uoluntate</strong></span> <span class='ocrx_word' id='word_1_176' title='bbox 1625 1488 1760 1525; x_wconf 88' lang='lat' dir='ltr'><strong>trans-</strong></span> 
     </span>
     <span class='ocr_line' id='line_1_25' title="bbox 173 1548 1759 1607; baseline -0.002 -14"><span class='ocrx_word' id='word_1_177' title='bbox 173 1551 419 1607; x_wconf 89' lang='lat' dir='ltr'><strong>grediuntur</strong></span> <span class='ocrx_word' id='word_1_178' title='bbox 449 1550 695 1593; x_wconf 88' lang='lat' dir='ltr'><strong>imitationis</strong></span> <span class='ocrx_word' id='word_1_179' title='bbox 726 1550 964 1606; x_wconf 87' lang='lat' dir='ltr'><strong>exemplum</strong></span> <span class='ocrx_word' id='word_1_180' title='bbox 994 1554 1069 1601; x_wconf 89' lang='lat' dir='ltr'><strong>est,</strong></span> <span class='ocrx_word' id='word_1_181' title='bbox 1102 1549 1268 1592; x_wconf 88' lang='lat' dir='ltr'><strong>occulta</strong></span> <span class='ocrx_word' id='word_1_182' title='bbox 1296 1549 1425 1591; x_wconf 91' lang='lat' dir='ltr'><strong>etiam</strong></span> <span class='ocrx_word' id='word_1_183' title='bbox 1455 1548 1553 1591; x_wconf 90' lang='lat' dir='ltr'><strong>tabe</strong></span> <span class='ocrx_word' id='word_1_184' title='bbox 1583 1549 1759 1591; x_wconf 87' lang='lat' dir='ltr'><strong>carnalis</strong></span> 
     </span>
     <span class='ocr_line' id='line_1_26' title="bbox 174 1615 1757 1672; baseline -0.001 -13"><span class='ocrx_word' id='word_1_185' title='bbox 174 1616 534 1672; x_wconf 84' lang='lat' dir='ltr'><strong>concupiscentiae</strong></span> <span class='ocrx_word' id='word_1_186' title='bbox 555 1630 654 1659; x_wconf 88' lang='lat' dir='ltr'><strong>suae</strong></span> <span class='ocrx_word' id='word_1_187' title='bbox 675 1616 914 1659; x_wconf 84' lang='lat' dir='ltr'><strong>tabificauit</strong></span> <span class='ocrx_word' id='word_1_188' title='bbox 934 1616 977 1658; x_wconf 90' lang='lat' dir='ltr'><strong>in</strong></span> <span class='ocrx_word' id='word_1_189' title='bbox 998 1629 1041 1658; x_wconf 91' lang='lat' dir='ltr'><strong>se</strong></span> <span class='ocrx_word' id='word_1_190' title='bbox 1063 1629 1204 1658; x_wconf 92' lang='lat' dir='ltr'><strong>omnes</strong></span> <span class='ocrx_word' id='word_1_191' title='bbox 1226 1616 1278 1657; x_wconf 91' lang='lat' dir='ltr'><strong>de</strong></span> <span class='ocrx_word' id='word_1_192' title='bbox 1298 1629 1375 1658; x_wconf 90' lang='lat' dir='ltr'><strong>sua</strong></span> <span class='ocrx_word' id='word_1_193' title='bbox 1394 1615 1524 1670; x_wconf 88' lang='lat' dir='ltr'><strong>stirpe</strong></span> <span class='ocrx_word' id='word_1_194' title='bbox 1546 1620 1757 1658; x_wconf 82' lang='lat' dir='ltr'><strong>uenturos.</strong></span> 
     </span>
     <span class='ocr_line' id='line_1_27' title="bbox 175 1681 1756 1738; baseline -0.001 -13"><span class='ocrx_word' id='word_1_195' title='bbox 175 1682 271 1725; x_wconf 92' lang='lat' dir='ltr'><strong>hinc</strong></span> <span class='ocrx_word' id='word_1_196' title='bbox 297 1682 465 1725; x_wconf 92' lang='lat' dir='ltr'><strong>omnino</strong></span> <span class='ocrx_word' id='word_1_197' title='bbox 491 1696 566 1725; x_wconf 91' lang='lat' dir='ltr'><strong>nec</strong></span> <span class='ocrx_word' id='word_1_198' title='bbox 592 1682 759 1725; x_wconf 87' lang='lat' dir='ltr'><strong>aliunde</strong></span> <span class='ocrx_word' id='word_1_199' title='bbox 785 1681 998 1738; x_wconf 91' lang='lat' dir='ltr'><strong>apostolus</strong></span> <span class='ocrx_word' id='word_1_200' title='bbox 1033 1682 1156 1724; x_wconf 89' lang='lat' dir='ltr'><strong>dicit:</strong></span> <span class='ocrx_word' id='word_1_201' title='bbox 1192 1694 1277 1736; x_wconf 93' lang='lat' dir='ltr'><strong>per</strong></span> <span class='ocrx_word' id='word_1_202' title='bbox 1311 1695 1468 1723; x_wconf 92' lang='lat' dir='ltr'><strong>unum</strong></span> <span class='ocrx_word' id='word_1_203' title='bbox 1500 1681 1756 1723; x_wconf 90' lang='lat' dir='ltr'><strong>hominem</strong></span> 
     </span>
     <span class='ocr_line' id='line_1_28' title="bbox 174 1748 1757 1804; baseline -0.002 -13"><span class='ocrx_word' id='word_1_204' title='bbox 174 1753 443 1804; x_wconf 86' lang='lat' dir='ltr'><strong>peccatum</strong></span> <span class='ocrx_word' id='word_1_205' title='bbox 476 1748 700 1791; x_wconf 86' lang='lat' dir='ltr'><strong>intrauit</strong></span> <span class='ocrx_word' id='word_1_206' title='bbox 733 1748 784 1791; x_wconf 92' lang='lat' dir='ltr'><strong>in</strong></span> <span class='ocrx_word' id='word_1_207' title='bbox 820 1748 1067 1790; x_wconf 90' lang='lat' dir='ltr'><strong>mundum</strong></span> <span class='ocrx_word' id='word_1_208' title='bbox 1100 1752 1149 1790; x_wconf 91' lang='lat' dir='ltr'><strong>et</strong></span> <span class='ocrx_word' id='word_1_209' title='bbox 1185 1760 1270 1803; x_wconf 89' lang='lat' dir='ltr'><strong>per</strong></span> <span class='ocrx_word' id='word_1_210' title='bbox 1305 1751 1573 1803; x_wconf 90' lang='lat' dir='ltr'><strong>peccatum</strong></span> <span class='ocrx_word' id='word_1_211' title='bbox 1609 1760 1757 1797; x_wconf 79' lang='lat' dir='ltr'><strong>mors3</strong></span> 
     </span>
     <span class='ocr_line' id='line_1_29' title="bbox 175 1813 1759 1869; baseline -0.001 -12"><span class='ocrx_word' id='word_1_212' title='bbox 175 1819 224 1857; x_wconf 87' lang='lat' dir='ltr'><strong>et</strong></span> <span class='ocrx_word' id='word_1_213' title='bbox 247 1814 320 1857; x_wconf 88' lang='lat' dir='ltr'><strong>ita</strong></span> <span class='ocrx_word' id='word_1_214' title='bbox 343 1814 394 1856; x_wconf 91' lang='lat' dir='ltr'><strong>in</strong></span> <span class='ocrx_word' id='word_1_215' title='bbox 419 1828 591 1857; x_wconf 92' lang='lat' dir='ltr'><strong>omnes</strong></span> <span class='ocrx_word' id='word_1_216' title='bbox 614 1814 844 1857; x_wconf 91' lang='lat' dir='ltr'><strong>homines</strong></span> <span class='ocrx_word' id='word_1_217' title='bbox 872 1813 1226 1869; x_wconf 85' lang='lat' dir='ltr'><strong>pertransiuit,</strong></span> <span class='ocrx_word' id='word_1_218' title='bbox 1254 1813 1304 1856; x_wconf 93' lang='lat' dir='ltr'><strong>in</strong></span> <span class='ocrx_word' id='word_1_219' title='bbox 1333 1826 1430 1869; x_wconf 93' lang='lat' dir='ltr'><strong>quo</strong></span> <span class='ocrx_word' id='word_1_220' title='bbox 1456 1826 1627 1855; x_wconf 87' lang='lat' dir='ltr'><strong>omnes</strong></span> <span class='ocrx_word' id='word_1_221' title='bbox 1656 1826 1759 1868; x_wconf 90' lang='lat' dir='ltr'><strong>pec-</strong></span> 
     </span>
     <span class='ocr_line' id='line_1_30' title="bbox 175 1879 1760 1935; baseline -0.001 -13"><span class='ocrx_word' id='word_1_222' title='bbox 175 1885 440 1923; x_wconf 88' lang='lat' dir='ltr'><strong>cauerunt.</strong></span> <span class='ocrx_word' id='word_1_223' title='bbox 488 1880 566 1923; x_wconf 91' lang='lat' dir='ltr'><strong>hoc</strong></span> <span class='ocrx_word' id='word_1_224' title='bbox 595 1880 628 1923; x_wconf 91' lang='lat' dir='ltr'><strong>si</strong></span> <span class='ocrx_word' id='word_1_225' title='bbox 660 1894 733 1935; x_wconf 88' lang='lat' dir='ltr'><strong>ego</strong></span> <span class='ocrx_word' id='word_1_226' title='bbox 764 1880 956 1930; x_wconf 87' lang='lat' dir='ltr'><strong>dicerem,</strong></span> <span class='ocrx_word' id='word_1_227' title='bbox 988 1879 1227 1922; x_wconf 88' lang='lat' dir='ltr'><strong>resisterent</strong></span> <span class='ocrx_word' id='word_1_228' title='bbox 1258 1879 1326 1921; x_wconf 88' lang='lat' dir='ltr'><strong>isti</strong></span> <span class='ocrx_word' id='word_1_229' title='bbox 1357 1893 1506 1934; x_wconf 88' lang='lat' dir='ltr'><strong>meque</strong></span> <span class='ocrx_word' id='word_1_230' title='bbox 1536 1892 1620 1921; x_wconf 91' lang='lat' dir='ltr'><strong>non</strong></span> <span class='ocrx_word' id='word_1_231' title='bbox 1650 1883 1760 1921; x_wconf 82' lang='lat' dir='ltr'><strong>recte</strong></span> 
     </span>
     <span class='ocr_line' id='line_1_31' title="bbox 175 1943 1759 2000; baseline -0.001 -12"><span class='ocrx_word' id='word_1_232' title='bbox 175 1946 323 1997; x_wconf 91' lang='lat' dir='ltr'><strong>dicere,</strong></span> <span class='ocrx_word' id='word_1_233' title='bbox 355 1959 439 1989; x_wconf 91' lang='lat' dir='ltr'><strong>non</strong></span> <span class='ocrx_word' id='word_1_234' title='bbox 468 1951 580 1989; x_wconf 88' lang='lat' dir='ltr'><strong>recte</strong></span> <span class='ocrx_word' id='word_1_235' title='bbox 609 1946 762 1989; x_wconf 89' lang='lat' dir='ltr'><strong>sentire</strong></span> <span class='ocrx_word' id='word_1_236' title='bbox 793 1945 1034 1988; x_wconf 88' lang='lat' dir='ltr'><strong>clamarent.</strong></span> <span class='ocrx_word' id='word_1_237' title='bbox 1082 1945 1239 1988; x_wconf 90' lang='lat' dir='ltr'><strong>nullam</strong></span> <span class='ocrx_word' id='word_1_238' title='bbox 1272 1945 1425 2000; x_wconf 87' lang='lat' dir='ltr'><strong>quippe</strong></span> <span class='ocrx_word' id='word_1_239' title='bbox 1456 1945 1496 1987; x_wconf 89' lang='lat' dir='ltr'><strong>iu</strong></span> <span class='ocrx_word' id='word_1_240' title='bbox 1530 1944 1590 1986; x_wconf 88' lang='lat' dir='ltr'><strong>his</strong></span> <span class='ocrx_word' id='word_1_241' title='bbox 1623 1943 1759 1986; x_wconf 89' lang='lat' dir='ltr'><strong>uerbis</strong></span> 
     </span>
     <span class='ocr_line' id='line_1_32' title="bbox 176 2010 1759 2067; baseline -0.001 -14"><span class='ocrx_word' id='word_1_242' title='bbox 176 2011 462 2067; x_wconf 86' lang='lat' dir='ltr'><strong>intellegerent</strong></span> <span class='ocrx_word' id='word_1_243' title='bbox 496 2012 749 2055; x_wconf 88' lang='lat' dir='ltr'><strong>sententiam</strong></span> <span class='ocrx_word' id='word_1_244' title='bbox 770 2011 990 2054; x_wconf 87' lang='lat' dir='ltr'><strong>cuiuslibet</strong></span> <span class='ocrx_word' id='word_1_245' title='bbox 1026 2011 1215 2059; x_wconf 82' lang='lat' dir='ltr'><strong>hominis,</strong></span> <span class='ocrx_word' id='word_1_246' title='bbox 1237 2011 1308 2067; x_wconf 90' lang='lat' dir='ltr'><strong>qui</strong></span> <span class='ocrx_word' id='word_1_247' title='bbox 1343 2011 1444 2053; x_wconf 88' lang='lat' dir='ltr'><strong>haec</strong></span> <span class='ocrx_word' id='word_1_248' title='bbox 1478 2010 1646 2059; x_wconf 84' lang='lat' dir='ltr'><strong>diceret,</strong></span> <span class='ocrx_word' id='word_1_249' title='bbox 1684 2010 1759 2053; x_wconf 90' lang='lat' dir='ltr'><strong>nisi</strong></span> 
     </span>
     <span class='ocr_line' id='line_1_33' title="bbox 175 2075 1762 2134; baseline -0.002 -14"><span class='ocrx_word' id='word_1_250' title='bbox 175 2077 300 2120; x_wconf 87' lang='lat' dir='ltr'><strong>istam</strong></span> <span class='ocrx_word' id='word_1_251' title='bbox 334 2091 461 2133; x_wconf 90' lang='lat' dir='ltr'><strong>quam</strong></span> <span class='ocrx_word' id='word_1_252' title='bbox 494 2077 535 2121; x_wconf 92' lang='lat' dir='ltr'><strong>in</strong></span> <span class='ocrx_word' id='word_1_253' title='bbox 569 2077 759 2134; x_wconf 90' lang='lat' dir='ltr'><strong>apostolo</strong></span> <span class='ocrx_word' id='word_1_254' title='bbox 793 2077 1028 2133; x_wconf 84' lang='lat' dir='ltr'><strong>intellegere</strong></span> <span class='ocrx_word' id='word_1_255' title='bbox 1062 2077 1222 2120; x_wconf 89' lang='lat' dir='ltr'><strong>nolunt.</strong></span> <span class='ocrx_word' id='word_1_256' title='bbox 1273 2077 1344 2119; x_wconf 86' lang='lat' dir='ltr'><strong>sed</strong></span> <span class='ocrx_word' id='word_1_257' title='bbox 1380 2076 1480 2131; x_wconf 86' lang='lat' dir='ltr'><strong>quia</strong></span> <span class='ocrx_word' id='word_1_258' title='bbox 1512 2076 1598 2118; x_wconf 90' lang='lat' dir='ltr'><strong>eius</strong></span> <span class='ocrx_word' id='word_1_259' title='bbox 1633 2075 1762 2118; x_wconf 87' lang='lat' dir='ltr'><strong>uerba</strong></span> 
     </span>
    </p>
   </div>
   <div class='ocr_carea' id='block_1_8' title="bbox 178 2219 1756 2326">
    <p class='ocr_par' dir='ltr' id='par_1_9' title="bbox 178 2219 1756 2326">
     <span class='ocr_line' id='line_1_34' title="bbox 268 2219 1756 2262; baseline -0.001 -6"><span class='ocrx_word' id='word_1_260' title='bbox 268 2222 284 2256; x_wconf 97' lang='grc'><strong>1</strong></span> <span class='ocrx_word' id='word_1_261' title='bbox 302 2220 346 2256; x_wconf 80' lang='lat' dir='ltr'><strong>cf.</strong></span> <span class='ocrx_word' id='word_1_262' title='bbox 366 2221 467 2257; x_wconf 85' lang='lat' dir='ltr'><strong>Rom.</strong></span> <span class='ocrx_word' id='word_1_263' title='bbox 485 2221 518 2262; x_wconf 88' lang='lat'><strong>5,</strong></span> <span class='ocrx_word' id='word_1_264' title='bbox 536 2222 588 2257; x_wconf 86' lang='lat'><strong>12.</strong></span> <span class='ocrx_word' id='word_1_265' title='bbox 607 2222 648 2257; x_wconf 87' lang='grc'><strong>14</strong></span> <span class='ocrx_word' id='word_1_266' title='bbox 725 2221 746 2257; x_wconf 91' lang='grc'>8</span> <span class='ocrx_word' id='word_1_267' title='bbox 765 2221 780 2256; x_wconf 94' lang='grc' dir='ltr'><strong>Ι</strong></span> <span class='ocrx_word' id='word_1_268' title='bbox 797 2222 872 2257; x_wconf 86' lang='lat' dir='ltr'><strong>Gor.</strong></span> <span class='ocrx_word' id='word_1_269' title='bbox 894 2222 945 2262; x_wconf 90' lang='grc'><strong>11,</strong></span> <span class='ocrx_word' id='word_1_270' title='bbox 966 2223 981 2256; x_wconf 98' lang='grc'><strong>1</strong></span> <span class='ocrx_word' id='word_1_271' title='bbox 1078 2221 1117 2256; x_wconf 94' lang='grc'><strong>11</strong></span> <span class='ocrx_word' id='word_1_272' title='bbox 1140 2220 1155 2255; x_wconf 95' lang='grc' dir='ltr'>Ι</span> <span class='ocrx_word' id='word_1_273' title='bbox 1173 2221 1247 2256; x_wconf 91' lang='lat' dir='ltr'><strong>Cor.</strong></span> <span class='ocrx_word' id='word_1_274' title='bbox 1266 2221 1298 2261; x_wconf 78' lang='lat'><strong>3,</strong></span> <span class='ocrx_word' id='word_1_275' title='bbox 1318 2221 1337 2255; x_wconf 85' lang='lat'><strong>7</strong></span> <span class='ocrx_word' id='word_1_276' title='bbox 1389 2220 1428 2255; x_wconf 83' lang='lat'><strong>15</strong></span> <span class='ocrx_word' id='word_1_277' title='bbox 1447 2219 1490 2255; x_wconf 81' lang='lat' dir='ltr'><strong>cf.</strong></span> <span class='ocrx_word' id='word_1_278' title='bbox 1513 2219 1527 2254; x_wconf 92' lang='lat' dir='ltr'>I</span> <span class='ocrx_word' id='word_1_279' title='bbox 1545 2220 1621 2255; x_wconf 89' lang='lat' dir='ltr'><strong>Cor.</strong></span> <span class='ocrx_word' id='word_1_280' title='bbox 1644 2220 1695 2261; x_wconf 90' lang='lat'><strong>15,</strong></span> <span class='ocrx_word' id='word_1_281' title='bbox 1714 2220 1756 2254; x_wconf 91' lang='grc'><strong>22</strong></span> 
     </span>
     <span class='ocr_line' id='line_1_35' title="bbox 178 2279 1755 2326; baseline -0.001 -11"><span class='ocrx_word' id='word_1_282' title='bbox 178 2280 220 2316; x_wconf 93' lang='grc'><strong>19</strong></span> <span class='ocrx_word' id='word_1_283' title='bbox 230 2279 654 2326; x_wconf 79' lang='lat' dir='ltr'><strong>occulta—uent11ros10f.</strong></span> <span class='ocrx_word' id='word_1_284' title='bbox 668 2281 798 2316; x_wconf 85' lang='lat' dir='ltr'><strong>Contra</strong></span> <span class='ocrx_word' id='word_1_285' title='bbox 810 2280 933 2316; x_wconf 85' lang='lat' dir='ltr'><strong>Iulian.</strong></span> <span class='ocrx_word' id='word_1_286' title='bbox 948 2280 1017 2316; x_wconf 89' lang='lat' dir='ltr'><strong>Pel.</strong></span> <span class='ocrx_word' id='word_1_287' title='bbox 1031 2280 1061 2315; x_wconf 89' lang='lat' dir='ltr'>V</span> <span class='ocrx_word' id='word_1_288' title='bbox 1073 2281 1125 2321; x_wconf 88' lang='lat'><strong>15,</strong></span> <span class='ocrx_word' id='word_1_289' title='bbox 1136 2281 1180 2316; x_wconf 68' lang='lat'><strong>54</strong></span> <span class='ocrx_word' id='word_1_290' title='bbox 1191 2280 1395 2325; x_wconf 75' lang='lat' dir='ltr'>(XL1V814</span> <span class='ocrx_word' id='word_1_291' title='bbox 1406 2279 1455 2323; x_wconf 77' lang='lat' dir='ltr'><strong>M)</strong></span> <span class='ocrx_word' id='word_1_292' title='bbox 1497 2280 1537 2315; x_wconf 85' lang='lat'><strong>21</strong></span> <span class='ocrx_word' id='word_1_293' title='bbox 1554 2280 1655 2315; x_wconf 85' lang='lat' dir='ltr'><strong>Rom.</strong></span> <span class='ocrx_word' id='word_1_294' title='bbox 1667 2280 1700 2320; x_wconf 84' lang='lat'><strong>5,</strong></span> <span class='ocrx_word' id='word_1_295' title='bbox 1714 2280 1755 2314; x_wconf 92' lang='grc'><strong>12</strong></span> 
     </span>
    </p>
   </div>
   <div class='ocr_carea' id='block_1_9' title="bbox 177 2379 1760 2904">
    <p class='ocr_par' dir='ltr' id='par_1_10' title="bbox 177 2379 1760 2904">
     <span class='ocr_line' id='line_1_36' title="bbox 268 2379 1758 2429; baseline -0.001 -13"><span class='ocrx_word' id='word_1_296' title='bbox 268 2382 285 2416; x_wconf 92' lang='grc'><strong>1</strong></span> <span class='ocrx_word' id='word_1_297' title='bbox 311 2381 366 2428; x_wconf 79' lang='lat' dir='ltr'><strong>ac]</strong></span> <span class='ocrx_word' id='word_1_298' title='bbox 390 2381 437 2417; x_wconf 79' lang='lat' dir='ltr'><strong>ad</strong></span> <span class='ocrx_word' id='word_1_299' title='bbox 461 2382 505 2417; x_wconf 90' lang='lat' dir='ltr'><em>M</em></span> <span class='ocrx_word' id='word_1_300' title='bbox 604 2383 626 2418; x_wconf 87' lang='lat'><strong>3</strong></span> <span class='ocrx_word' id='word_1_301' title='bbox 650 2385 687 2418; x_wconf 87' lang='lat' dir='ltr'><strong>et</strong></span> <span class='ocrx_word' id='word_1_302' title='bbox 709 2381 843 2429; x_wconf 83' lang='lat' dir='ltr'><strong>generis</strong></span> <span class='ocrx_word' id='word_1_303' title='bbox 867 2382 911 2417; x_wconf 90' lang='lat' dir='ltr'><em>M</em></span> <span class='ocrx_word' id='word_1_304' title='bbox 1011 2381 1155 2418; x_wconf 80' lang='lat' dir='ltr'><strong>bomani</strong></span> <span class='ocrx_word' id='word_1_305' title='bbox 1178 2382 1218 2427; x_wconf 89' lang='lat' dir='ltr'><strong>(u</strong></span> <span class='ocrx_word' id='word_1_306' title='bbox 1241 2392 1267 2417; x_wconf 84' lang='lat' dir='ltr'><strong>s.</strong></span> <span class='ocrx_word' id='word_1_307' title='bbox 1294 2381 1365 2426; x_wconf 92' lang='lat' dir='ltr'><strong>0)V</strong></span> <span class='ocrx_word' id='word_1_308' title='bbox 1472 2383 1493 2417; x_wconf 87' lang='lat'>4</span> <span class='ocrx_word' id='word_1_309' title='bbox 1515 2379 1707 2427; x_wconf 75' lang='lat' dir='ltr'><strong>quodquod</strong></span> <span class='ocrx_word' id='word_1_310' title='bbox 1731 2381 1758 2415; x_wconf 87' lang='lat' dir='ltr'><em>L</em></span> 
     </span>
     <span class='ocr_line' id='line_1_37' title="bbox 177 2431 1757 2487; baseline -0.001 -11"><span class='ocrx_word' id='word_1_311' title='bbox 177 2441 370 2487; x_wconf 87' lang='lat' dir='ltr'><strong>quodquod</strong></span> <span class='ocrx_word' id='word_1_312' title='bbox 387 2441 504 2478; x_wconf 87' lang='lat' dir='ltr'><strong>Sle</strong></span> <span class='ocrx_word' id='word_1_313' title='bbox 622 2443 641 2478; x_wconf 84' lang='lat'>7</span> <span class='ocrx_word' id='word_1_314' title='bbox 658 2445 695 2478; x_wconf 89' lang='lat' dir='ltr'><strong>et</strong></span> <span class='ocrx_word' id='word_1_315' title='bbox 710 2453 776 2478; x_wconf 87' lang='lat' dir='ltr'><strong>om.</strong></span> <span class='ocrx_word' id='word_1_316' title='bbox 796 2442 839 2477; x_wconf 89' lang='lat' dir='ltr'><strong><em>M</em></strong></span> <span class='ocrx_word' id='word_1_317' title='bbox 943 2442 965 2478; x_wconf 85' lang='lat'>8</span> <span class='ocrx_word' id='word_1_318' title='bbox 981 2441 1074 2477; x_wconf 89' lang='lat' dir='ltr'><strong>dixit</strong></span> <span class='ocrx_word' id='word_1_319' title='bbox 1089 2441 1107 2476; x_wconf 88' lang='lat' dir='ltr'><strong>b</strong></span> <span class='ocrx_word' id='word_1_320' title='bbox 1202 2441 1223 2477; x_wconf 89' lang='lat'>9</span> <span class='ocrx_word' id='word_1_321' title='bbox 1239 2440 1315 2487; x_wconf 73' lang='lat' dir='ltr'><strong>apis</strong></span> <span class='ocrx_word' id='word_1_322' title='bbox 1334 2431 1394 2487; x_wconf 63' lang='grc' dir='ltr'><strong>Χῖι</strong></span> <span class='ocrx_word' id='word_1_323' title='bbox 1408 2440 1435 2476; x_wconf 88' lang='lat' dir='ltr'><strong><em>S</em></strong></span> <span class='ocrx_word' id='word_1_324' title='bbox 1540 2439 1650 2486; x_wconf 82' lang='lat' dir='ltr'><strong>gratie</strong></span> <span class='ocrx_word' id='word_1_325' title='bbox 1674 2440 1757 2475; x_wconf 85' lang='lat' dir='ltr'><strong>Lml</strong></span> 
     </span>
     <span class='ocr_line' id='line_1_38' title="bbox 177 2496 1758 2548; baseline -0.001 -12"><span class='ocrx_word' id='word_1_326' title='bbox 177 2500 312 2548; x_wconf 80' lang='lat' dir='ltr'><strong>gratiae</strong></span> <span class='ocrx_word' id='word_1_327' title='bbox 320 2499 510 2537; x_wconf 86' lang='lat' dir='ltr'><strong>SVPGMb</strong></span> <span class='ocrx_word' id='word_1_328' title='bbox 520 2504 557 2537; x_wconf 86' lang='lat' dir='ltr'><strong>et</strong></span> <span class='ocrx_word' id='word_1_329' title='bbox 566 2501 699 2548; x_wconf 77' lang='lat' dir='ltr'><strong>gratiae</strong></span> <span class='ocrx_word' id='word_1_330' title='bbox 710 2501 774 2537; x_wconf 86' lang='lat' dir='ltr'><strong>CT</strong></span> <span class='ocrx_word' id='word_1_331' title='bbox 806 2502 846 2538; x_wconf 95' lang='grc'><strong>11</strong></span> <span class='ocrx_word' id='word_1_332' title='bbox 859 2501 895 2537; x_wconf 90' lang='lat' dir='ltr'><strong>in</strong></span> <span class='ocrx_word' id='word_1_333' title='bbox 906 2501 965 2537; x_wconf 91' lang='lat' dir='ltr'><strong>illo</strong></span> <span class='ocrx_word' id='word_1_334' title='bbox 975 2501 1019 2536; x_wconf 89' lang='lat' dir='ltr'><em>M</em></span> <span class='ocrx_word' id='word_1_335' title='bbox 1108 2502 1149 2537; x_wconf 92' lang='lat'><strong>13</strong></span> <span class='ocrx_word' id='word_1_336' title='bbox 1159 2501 1246 2536; x_wconf 84' lang='lat' dir='ltr'><strong>haec</strong></span> <span class='ocrx_word' id='word_1_337' title='bbox 1255 2496 1360 2536; x_wconf 65' lang='lat' dir='ltr'><strong><em>zATb</em></strong></span> <span class='ocrx_word' id='word_1_338' title='bbox 1382 2501 1448 2536; x_wconf 84' lang='lat' dir='ltr'><strong>hae</strong></span> <span class='ocrx_word' id='word_1_339' title='bbox 1460 2500 1502 2535; x_wconf 89' lang='lat' dir='ltr'><em>M</em></span> <span class='ocrx_word' id='word_1_340' title='bbox 1565 2499 1758 2535; x_wconf 84' lang='lat' dir='ltr'><strong>inseriGml</strong></span> 
     </span>
     <span class='ocr_line' id='line_1_39' title="bbox 179 2559 1760 2608; baseline -0.002 -12"><span class='ocrx_word' id='word_1_341' title='bbox 179 2560 221 2596; x_wconf 88' lang='lat'><strong>15</strong></span> <span class='ocrx_word' id='word_1_342' title='bbox 233 2559 469 2597; x_wconf 75' lang='lat' dir='ltr'><strong>uiuificabunt</strong></span> <span class='ocrx_word' id='word_1_343' title='bbox 479 2561 570 2597; x_wconf 88' lang='lat' dir='ltr'><strong>Kml</strong></span> <span class='ocrx_word' id='word_1_344' title='bbox 589 2560 866 2597; x_wconf 82' lang='lat' dir='ltr'><strong>uiuificabuntur</strong></span> <span class='ocrx_word' id='word_1_345' title='bbox 882 2561 901 2596; x_wconf 81' lang='lat' dir='ltr'><em>b</em></span> <span class='ocrx_word' id='word_1_346' title='bbox 948 2564 1092 2608; x_wconf 84' lang='lat' dir='ltr'><strong>propter</strong></span> <span class='ocrx_word' id='word_1_347' title='bbox 1101 2572 1144 2597; x_wconf 87' lang='lat' dir='ltr'><strong>m.</strong></span> <span class='ocrx_word' id='word_1_348' title='bbox 1157 2571 1219 2597; x_wconf 82' lang='lat' dir='ltr'><strong>rec.</strong></span> <span class='ocrx_word' id='word_1_349' title='bbox 1240 2571 1315 2605; x_wconf 70' lang='lat' dir='ltr'><strong>exp.</strong></span> <span class='ocrx_word' id='word_1_350' title='bbox 1336 2562 1367 2595; x_wconf 78' lang='lat' dir='ltr'><strong>et</strong></span> <span class='ocrx_word' id='word_1_351' title='bbox 1383 2559 1422 2595; x_wconf 80' lang='lat' dir='ltr'><strong>in</strong></span> <span class='ocrx_word' id='word_1_352' title='bbox 1432 2571 1496 2606; x_wconf 65' lang='grc' dir='ltr'><strong>ηις.</strong></span> <span class='ocrx_word' id='word_1_353' title='bbox 1510 2562 1625 2606; x_wconf 87' lang='lat' dir='ltr'><strong>preter</strong></span> <span class='ocrx_word' id='word_1_354' title='bbox 1634 2559 1710 2594; x_wconf 81' lang='lat' dir='ltr'><strong>add.</strong></span> <span class='ocrx_word' id='word_1_355' title='bbox 1729 2559 1760 2593; x_wconf 91' lang='lat' dir='ltr'><em>P</em></span> 
     </span>
     <span class='ocr_line' id='line_1_40' title="bbox 180 2617 1756 2666; baseline -0.002 -10"><span class='ocrx_word' id='word_1_356' title='bbox 180 2619 222 2656; x_wconf 87' lang='grc'><strong>19</strong></span> <span class='ocrx_word' id='word_1_357' title='bbox 240 2617 404 2666; x_wconf 66' lang='grc' dir='ltr'><strong>ζιοοοῐιΙίια</strong></span> <span class='ocrx_word' id='word_1_358' title='bbox 425 2620 454 2656; x_wconf 83' lang='lat' dir='ltr'><strong><em>S</em></strong></span> <span class='ocrx_word' id='word_1_359' title='bbox 559 2620 667 2657; x_wconf 71' lang='lat' dir='ltr'><strong>etiam</strong></span> <span class='ocrx_word' id='word_1_360' title='bbox 691 2632 755 2657; x_wconf 89' lang='lat' dir='ltr'><strong>om.</strong></span> <span class='ocrx_word' id='word_1_361' title='bbox 780 2620 908 2657; x_wconf 76' lang='lat' dir='ltr'><strong>Contra</strong></span> <span class='ocrx_word' id='word_1_362' title='bbox 932 2620 1001 2657; x_wconf 80' lang='lat' dir='ltr'><strong>Iul.</strong></span> <span class='ocrx_word' id='word_1_363' title='bbox 1103 2619 1251 2656; x_wconf 81' lang='lat' dir='ltr'><strong>carnalis</strong></span> <span class='ocrx_word' id='word_1_364' title='bbox 1276 2631 1339 2656; x_wconf 88' lang='lat' dir='ltr'><strong>om.</strong></span> <span class='ocrx_word' id='word_1_365' title='bbox 1367 2620 1400 2655; x_wconf 83' lang='lat' dir='ltr'><strong><em>A</em></strong></span> <span class='ocrx_word' id='word_1_366' title='bbox 1509 2620 1552 2654; x_wconf 92' lang='grc'><strong>20</strong></span> <span class='ocrx_word' id='word_1_367' title='bbox 1576 2617 1756 2663; x_wconf 80' lang='lat' dir='ltr'><strong>uenturos]</strong></span> 
     </span>
     <span class='ocr_line' id='line_1_41' title="bbox 179 2677 1758 2726; baseline -0.002 -11"><span class='ocrx_word' id='word_1_368' title='bbox 179 2678 359 2716; x_wconf 74' lang='lat' dir='ltr'><strong>uenientes</strong></span> <span class='ocrx_word' id='word_1_369' title='bbox 374 2679 447 2716; x_wconf 81' lang='lat' dir='ltr'><strong>de</strong></span> <span class='ocrx_word' id='word_1_370' title='bbox 501 2681 542 2716; x_wconf 85' lang='lat'><strong>21</strong></span> <span class='ocrx_word' id='word_1_371' title='bbox 555 2679 676 2716; x_wconf 79' lang='lat' dir='ltr'><strong>dixitb</strong></span> <span class='ocrx_word' id='word_1_372' title='bbox 725 2679 1076 2726; x_wconf 65' lang='lat' dir='ltr'><strong>230tit210tiaKm1</strong></span> <span class='ocrx_word' id='word_1_373' title='bbox 1154 2679 1203 2726; x_wconf 89' lang='lat' dir='ltr'><strong>in]</strong></span> <span class='ocrx_word' id='word_1_374' title='bbox 1217 2690 1278 2726; x_wconf 86' lang='lat' dir='ltr'><strong>per</strong></span> <span class='ocrx_word' id='word_1_375' title='bbox 1288 2679 1354 2715; x_wconf 87' lang='lat' dir='ltr'><strong>KG</strong></span> <span class='ocrx_word' id='word_1_376' title='bbox 1431 2677 1634 2725; x_wconf 81' lang='lat' dir='ltr'><strong>pertransiit</strong></span> <span class='ocrx_word' id='word_1_377' title='bbox 1645 2677 1758 2712; x_wconf 82' lang='grc' dir='ltr'><strong>ΚΑΜ</strong></span> 
     </span>
     <span class='ocr_line' id='line_1_42' title="bbox 179 2737 1760 2787; baseline -0.002 -12"><span class='ocrx_word' id='word_1_378' title='bbox 179 2739 223 2775; x_wconf 80' lang='lat'><strong>24</strong></span> <span class='ocrx_word' id='word_1_379' title='bbox 241 2749 327 2786; x_wconf 63' lang='lat' dir='ltr'><strong>wgo</strong></span> <span class='ocrx_word' id='word_1_380' title='bbox 340 2739 400 2776; x_wconf 80' lang='lat' dir='ltr'><strong>Lo</strong></span> <span class='ocrx_word' id='word_1_381' title='bbox 423 2749 527 2786; x_wconf 71' lang='lat' dir='ltr'><strong>uego</strong></span> <span class='ocrx_word' id='word_1_382' title='bbox 541 2739 577 2776; x_wconf 91' lang='lat' dir='ltr'><strong><em>K</em></strong></span> <span class='ocrx_word' id='word_1_383' title='bbox 668 2740 712 2776; x_wconf 89' lang='grc'><strong>26</strong></span> <span class='ocrx_word' id='word_1_384' title='bbox 725 2739 941 2787; x_wconf 71' lang='lat' dir='ltr'><strong>intellegeret</strong></span> <span class='ocrx_word' id='word_1_385' title='bbox 954 2739 1042 2776; x_wconf 87' lang='lat' dir='ltr'><strong>Vm1</strong></span> <span class='ocrx_word' id='word_1_386' title='bbox 1143 2739 1173 2775; x_wconf 85' lang='lat' dir='ltr'><strong>si</strong></span> <span class='ocrx_word' id='word_1_387' title='bbox 1186 2738 1230 2785; x_wconf 90' lang='lat' dir='ltr'><strong>(si</strong></span> <span class='ocrx_word' id='word_1_388' title='bbox 1243 2738 1369 2784; x_wconf 82' lang='lat' dir='ltr'><strong>s.l.m2)</strong></span> <span class='ocrx_word' id='word_1_389' title='bbox 1385 2739 1472 2774; x_wconf 82' lang='lat' dir='ltr'><strong>haec</strong></span> <span class='ocrx_word' id='word_1_390' title='bbox 1487 2737 1618 2772; x_wconf 79' lang='lat' dir='ltr'><strong>diceret</strong></span> <span class='ocrx_word' id='word_1_391' title='bbox 1628 2737 1658 2772; x_wconf 79' lang='lat'><em>0</em></span> <span class='ocrx_word' id='word_1_392' title='bbox 1673 2737 1760 2773; x_wconf 79' lang='lat' dir='ltr'><strong>haec</strong></span> 
     </span>
     <span class='ocr_line' id='line_1_43' title="bbox 177 2796 1759 2846; baseline -0.003 -10"><span class='ocrx_word' id='word_1_393' title='bbox 177 2797 313 2836; x_wconf 68' lang='lat' dir='ltr'><strong>diceret</strong></span> <span class='ocrx_word' id='word_1_394' title='bbox 335 2798 393 2835; x_wconf 85' lang='lat' dir='ltr'><strong>LS</strong></span> <span class='ocrx_word' id='word_1_395' title='bbox 426 2798 488 2846; x_wconf 87' lang='lat' dir='ltr'><strong>qui</strong></span> <span class='ocrx_word' id='word_1_396' title='bbox 513 2798 590 2846; x_wconf 90' lang='lat' dir='ltr'><strong>(qui</strong></span> <span class='ocrx_word' id='word_1_397' title='bbox 615 2799 742 2846; x_wconf 71' lang='lat' dir='ltr'><strong>e.l.m2)</strong></span> <span class='ocrx_word' id='word_1_398' title='bbox 767 2800 854 2836; x_wconf 74' lang='lat' dir='ltr'><strong>haec</strong></span> <span class='ocrx_word' id='word_1_399' title='bbox 881 2799 1013 2835; x_wconf 84' lang='lat' dir='ltr'><strong>diceret</strong></span> <span class='ocrx_word' id='word_1_400' title='bbox 1038 2798 1071 2834; x_wconf 90' lang='lat' dir='ltr'><strong><em>V</em></strong></span> <span class='ocrx_word' id='word_1_401' title='bbox 1092 2799 1157 2845; x_wconf 78' lang='lat' dir='ltr'><strong>hec</strong></span> <span class='ocrx_word' id='word_1_402' title='bbox 1182 2798 1295 2834; x_wconf 83' lang='lat' dir='ltr'><strong>dicere</strong></span> <span class='ocrx_word' id='word_1_403' title='bbox 1323 2798 1355 2833; x_wconf 91' lang='lat' dir='ltr'><strong><em>P</em></strong></span> <span class='ocrx_word' id='word_1_404' title='bbox 1379 2797 1441 2844; x_wconf 91' lang='lat' dir='ltr'><strong>qui</strong></span> <span class='ocrx_word' id='word_1_405' title='bbox 1465 2797 1551 2833; x_wconf 78' lang='lat' dir='ltr'><strong>haec</strong></span> <span class='ocrx_word' id='word_1_406' title='bbox 1578 2796 1690 2832; x_wconf 83' lang='lat' dir='ltr'><strong>dicere</strong></span> <span class='ocrx_word' id='word_1_407' title='bbox 1716 2796 1759 2831; x_wconf 87' lang='lat' dir='ltr'><em>M</em></span> 
     </span>
     <span class='ocr_line' id='line_1_44' title="bbox 178 2856 704 2904; baseline 0.002 -10"><span class='ocrx_word' id='word_1_408' title='bbox 178 2856 241 2904; x_wconf 82' lang='lat' dir='ltr'><strong>qni</strong></span> <span class='ocrx_word' id='word_1_409' title='bbox 257 2857 390 2895; x_wconf 75' lang='lat' dir='ltr'><strong>diceret</strong></span> <span class='ocrx_word' id='word_1_410' title='bbox 405 2858 493 2895; x_wconf 75' lang='lat' dir='ltr'><strong>haec</strong></span> <span class='ocrx_word' id='word_1_411' title='bbox 511 2858 541 2903; x_wconf 84' lang='lat' dir='ltr'><strong>b,</strong></span> <span class='ocrx_word' id='word_1_412' title='bbox 560 2869 625 2896; x_wconf 83' lang='lat' dir='ltr'><strong>om.</strong></span> <span class='ocrx_word' id='word_1_413' title='bbox 648 2858 704 2895; x_wconf 78' lang='lat' dir='ltr'><strong>Ta</strong></span> 
     </span>
    </p>
   </div>
  </div>
 </body>
</html>
