2028 3204
231 202 316 242 314
670 210 726 246 IV.
761 210 815 246 De
842 215 971 247 natura
1001 216 1036 247 et
1064 211 1195 258 origine
1225 212 1363 248 animae

226 336 328 378 deus
354 335 574 391 paululum
602 335 692 377 illas
722 335 855 378 uoluit
882 335 1025 379 alienis
1050 336 1218 378 haerere
1244 337 1425 393 peccatis
1453 337 1541 380 sine
1566 337 1649 380 ullo
1675 337 1803 380 exitio

225 401 508 443 damnationis
536 406 730 443 aeternae
755 406 798 443 et
819 415 914 444 cum
938 415 1010 457 spe
1039 401 1251 445 felicitatis
1278 402 1498 445 aeternae‘.
1527 403 1579 445 de
1604 403 1666 446 his
1693 402 1802 446 enim

227 480 337 509 nunc
370 466 592 521 loquimur,
629 480 805 522 quarum
837 467 1040 509 natiuitas
1068 467 1180 523 apud
1206 467 1354 523 impios
1379 473 1422 510 et
1447 481 1499 510 ex
1525 467 1666 524 impiis
1690 467 1804 511 nulla

227 532 330 574 talia
362 532 517 588 poterit
548 532 734 574 inuenire
767 532 988 587 praesidia.
1023 546 1129 587 quae
1159 533 1326 588 quidem
1351 533 1385 576 si
1408 533 1595 576 adhiberi
1618 538 1801 589 possent,

229 598 373 653 procul
405 597 534 640 dubio
567 611 650 640 non
684 598 908 653 baptizatis
941 598 1136 654 prodesse
1169 611 1251 640 non
1282 603 1466 655 possent,
1499 598 1607 641 sicut
1637 612 1713 642 nec
1737 599 1805 641 illa

228 677 335 718 quae
373 663 423 705 dc
465 663 570 705 libro
613 663 936 706 Machabeorum
969 664 1314 706 commemorauit
1355 664 1558 707 sacrificia
1588 665 1702 707 faeta
1730 678 1803 720 pro

226 729 514 784 peccatoribus
555 729 730 772 mortuis
771 729 827 771 eis
867 729 1023 784 aliquid
1062 729 1330 785 profuissent,
1373 730 1407 772 si
1451 730 1679 772 circumcisi
1720 743 1803 772 non

228 795 416 837 fuisse-nt.

316 863 377 903 14.
442 860 636 903 Inueniat
682 873 790 914 ergo,
838 860 871 902 si
912 865 1064 914 potest,
1108 860 1186 902 iste
1220 860 1319 916 quid
1353 860 1478 911 dicat,
1523 874 1618 903 cum
1650 860 1703 902 ab
1735 860 1803 903 illo

227 926 453 980 quaeritur,
483 925 581 980 quid
604 926 801 968 meruerit
827 925 968 968 anima
992 926 1078 968 sinc
1110 926 1192 968 ullo
1224 931 1396 982 peccato
1429 925 1495 968 uel
1528 925 1714 981 originali
1738 926 1803 968 uel

224 992 392 1047 proprio
423 992 480 1034 sic
512 992 566 1034 ad
599 991 861 1034 subeundum
895 991 1074 1034 alienum
1106 996 1325 1047 peccatum
1358 991 1553 1047 originale
1596 991 1799 1042 damnari,

227 1061 274 1099 ut
307 1070 389 1099 non
432 1057 486 1099 ab
516 1057 586 1099 illo
628 1057 766 1099 ualeat
809 1057 985 1107 liberari,
1020 1061 1062 1098 et
1094 1057 1236 1100 uideat
1278 1057 1379 1111 quid
1411 1056 1538 1112 eligat
1570 1070 1591 1099 e
1623 1055 1799 1108 duobus,

227 1127 368 1164 utrum
410 1123 525 1165 dicat
573 1123 699 1164 etiam
747 1136 816 1165 eas
862 1123 1022 1164 animas
1070 1122 1337 1165 morientium
1377 1122 1661 1178 paruulorum,
1697 1135 1802 1177 quae

225 1188 321 1230 hinc
354 1188 440 1230 sine
474 1189 640 1230 lauacro
672 1187 993 1243 regenerationis
1027 1187 1258 1230 abscedunt
1289 1193 1331 1230 et
1363 1202 1438 1243 pro
1465 1187 1616 1243 quibus
1641 1187 1801 1229 nullum

226 1254 479 1296 sacrificium
512 1253 694 1310 corporis
737 1253 934 1296 dominici
975 1253 1163 1305 offertur,
1198 1268 1222 1296 a
1254 1267 1363 1295 nexu
1396 1253 1558 1309 peccati
1591 1252 1799 1308 originalis

226 1319 401 1369 absolui,
451 1333 546 1361 cum
593 1319 806 1375 apostolus
851 1320 1000 1362 doceat
1040 1332 1091 1361 ex
1132 1332 1214 1361 uno
1255 1319 1312 1361 ire
1353 1333 1494 1361 omnes
1532 1319 1576 1361 in
1608 1319 1801 1360 condem-

224 1385 452 1436 nationem,
485 1385 635 1440 quibus
668 1385 813 1439 utique
845 1397 929 1427 non
960 1384 1158 1427 subuenit
1189 1385 1339 1439 gratia,
1371 1389 1419 1426 ut
1450 1398 1523 1440 per
1555 1397 1686 1426 unum
1712 1397 1802 1426 eru-

225 1456 351 1493 antur
398 1450 441 1492 in
485 1450 828 1506 redemptionem,
877 1464 930 1492 an
971 1450 1085 1493 dicat
1128 1450 1287 1492 animas
1319 1463 1404 1492 non
1435 1449 1637 1492 habentes
1669 1448 1800 1491 ullum

226 1516 293 1558 uel
325 1516 540 1572 proprium
580 1517 644 1559 uel
688 1515 885 1571 originale
917 1520 1137 1572 peccatum
1171 1520 1211 1557 et
1245 1515 1513 1565 omnimodo
1545 1515 1798 1564 innocentes,

224 1582 443 1637 simplices,
467 1596 592 1637 puras
626 1596 651 1624 a
683 1582 793 1623 iusto
826 1582 916 1633 deo,
960 1595 1054 1624 cum
1088 1594 1155 1623 eas
1187 1581 1274 1636 ipse
1306 1594 1390 1623 non
1422 1580 1657 1623 liberandas
1688 1579 1800 1622 carni

225 1647 370 1691 inserit
402 1647 639 1703 peccatrici,
675 1652 845 1689 aeterna
876 1646 1145 1689 damnatione
1175 1646 1327 1701 puniri.

313 1712 414 1755 XII.
451 1713 512 1755 15.
558 1712 647 1768 Ego
679 1711 783 1754 nihil
814 1712 990 1754 istorum
1021 1712 1199 1754 duorum
1230 1711 1453 1753 dicendum
1485 1724 1570 1753 esse
1597 1710 1799 1752 confirmo

225 1791 300 1821 nec
333 1778 435 1820 illud
466 1778 639 1820 tertium
673 1777 771 1820 alibi
795 1791 985 1832 peccasse
1014 1777 1175 1819 animas
1204 1781 1302 1819 ante
1332 1789 1510 1826 carnem,
1538 1781 1586 1818 ut
1610 1775 1800 1818 damnari

225 1848 484 1886 mererentur
515 1844 559 1886 in
591 1857 756 1886 carnem
781 1868 833 1872 ——
861 1842 1073 1899 apostolus
1108 1842 1260 1898 quippe
1307 1841 1566 1897 apertissime
1604 1840 1800 1883 definiuit

226 1910 413 1951 nondum
445 1909 488 1951 in
521 1922 643 1952 earne
678 1913 799 1951 natos
831 1908 935 1950 nihil
967 1908 1094 1963 egisse
1121 1907 1220 1949 boni
1248 1921 1318 1950 seu
1348 1906 1466 1957 mali;
1500 1906 1610 1949 unde
1637 1910 1801 1949 constat

222 1975 433 2031 paruulos,
463 1979 510 2016 ut
551 1974 789 2017 remissione
821 1974 1035 2029 indigeant
1066 1977 1346 2029 peccatorum,
1390 1985 1474 2015 non
1493 1971 1573 2014 nisi
1606 1971 1801 2027 originale

225 2040 482 2083 contraxisse
513 2044 734 2096 peccatum
757 2065 808 2070 —
831 2053 906 2082 nec
937 2039 1039 2081 illud
1073 2043 1270 2094 quartum
1312 2051 1380 2081 eas
1414 2037 1574 2080 animas
1605 2036 1799 2093 paruulo-

318 2192 333 2224 1
353 2189 398 2223 cf.
416 2199 496 2234 pag.
512 2189 588 2229 310,
606 2188 738 2224 13—15
784 2188 805 2222 6
823 2187 924 2222 Vinc.
941 2187 1064 2222 Victor
1107 2186 1150 2222 cf.
1172 2186 1209 2220 ΙΙ
1227 2184 1341 2221 Mach.
1358 2187 1411 2227 12,
1424 2186 1468 2221 43
1516 2186 1559 2221 14
1577 2185 1621 2220 cf.
1639 2184 1707 2220 Tit.
1723 2185 1756 2226 3,
1775 2184 1797 2219 5

226 2249 268 2284 16
292 2248 334 2283 cf.
365 2249 466 2284 Rom.
494 2249 527 2290 5,
544 2248 584 2283 16
676 2249 719 2283 23
743 2247 786 2283 cf.
814 2246 865 2282 De
893 2252 1029 2292 peccat.
1056 2257 1139 2282 mer.
1169 2246 1184 2280 I
1216 2247 1268 2287 22,
1286 2246 1327 2281 31
1352 2249 1387 2280 et
1414 2244 1591 2290 Fulgentii
1615 2243 1667 2279 De
1693 2242 1795 2279 uerit.

230 2307 352 2354 praed.
382 2307 439 2343 111
461 2309 514 2349 22,
532 2308 574 2343 35
595 2307 708 2352 (LXV
724 2307 851 2352 669M)
943 2307 984 2341 25
1000 2307 1043 2341 cf.
1066 2306 1168 2341 Rom.
1190 2305 1222 2347 9,
1240 2307 1278 2341 11

319 2404 336 2438 1
355 2402 443 2449 sine]
458 2413 501 2437 ne
514 2403 546 2438 D
564 2413 626 2438 nec
638 2404 681 2438 M
736 2401 854 2437 nllu‘E
907 2401 1018 2436 exitio
1033 2412 1075 2436 ex
1085 2400 1242 2436 excitoF
1296 2401 1317 2435 3
1331 2399 1474 2435 nauitas
1484 2399 1526 2434 M
1572 2400 1592 2434 4
1607 2396 1763 2444 potuerit
1775 2397 1797 2432 d

224 2462 375 2497 inueniri
391 2463 434 2497 M
451 2462 502 2505 (ni
520 2473 546 2496 s.
560 2462 596 2507 l.)
719 2472 811 2507 quae
825 2461 871 2496 de
886 2461 919 2497 A
1037 2460 1060 2495 6
1074 2459 1323 2496 macabeorum
1333 2459 1367 2494 A
1499 2456 1797 2494 onmemorauitA

226 2521 502 2557 commemoraui
514 2522 557 2556 M
635 2520 745 2567 facta]
761 2521 1031 2566 peccas-*Rom
1044 2521 1066 2555 d
1130 2521 1150 2555 7
1167 2519 1350 2565 profuisse.
1368 2522 1410 2554 ut
1426 2518 1457 2554 si
1471 2517 1514 2552 M
1576 2519 1617 2554 11
1638 2515 1794 2563 proprios

227 2581 286 2618 hic
299 2582 340 2616 M
440 2581 489 2617 ad
504 2592 568 2617 om.
586 2581 617 2616 E
719 2582 762 2616 12
778 2591 849 2615 non
863 2592 927 2616 om.
942 2581 975 2615 A
1075 2578 1180 2614 iuaA
1280 2580 1322 2614 15
1338 2577 1502 2614 offeritur
1513 2578 1547 2613 A
1652 2577 1696 2612 16
1713 2585 1794 2611 oon-

225 2641 444 2687 depnatione
454 2642 485 2676 A
534 2642 575 2677 17
589 2640 733 2687 quibus]
744 2640 840 2676 tibus
853 2641 884 2675 A
932 2639 977 2675 19
989 2650 1041 2684 pr.
1052 2638 1111 2674 uel
1122 2650 1187 2674 om.
1199 2639 1241 2674 M
1290 2639 1332 2674 20
1347 2637 1422 2684 ipse
1433 2647 1492 2673 eas
1504 2637 1536 2672 Ε
1572 2645 1674 2672 ωηο
1686 2634 1795 2671 DFM

226 2702 265 2736 21
282 2700 413 2736 inseret
423 2701 454 2735 E
501 2702 544 2736 22
570 2700 721 2736 duorum
737 2700 885 2735 istorum
897 2699 929 2734 E
973 2697 1148 2734 iustorum
1160 2698 1190 2733 0
1234 2697 1278 2733 23
1304 2697 1528 2743 peccassem
1576 2696 1619 2732 24
1632 2693 1797 2731 carue-B

228 2771 330 2796 carne
340 2761 414 2795 GM
472 2760 514 2795 25
529 2759 607 2807 sou]
620 2759 677 2795 uel
689 2760 722 2794 Ε
773 2762 912 2795 constet
930 2758 962 2794 Ε
1037 2759 1136 2803 26ης-
1147 2756 1348 2793 remissione
1359 2756 1402 2792 M
1461 2754 1647 2801 indigeant
1658 2764 1724 2791 mn.
1738 2752 1798 2790 BG

228 2820 272 2855 27
287 2819 436 2855 traxisse
453 2818 483 2853 B
502 2816 757 2863 contradixisse
771 2818 800 2854 C
874 2818 1063 2864 peccatoA
1135 2828 1158 2852 a
1174 2826 1254 2852 uoce
1267 2826 1331 2852 nec
1343 2815 1411 2851 inc.
1428 2825 1501 2860 cap.
1521 2813 1602 2850 XII
1616 2813 1636 2850 b

1831 612 1849 641 5

1834 937 1872 966 10

1831 1264 1868 1293 15

1829 1591 1871 1620 20

1828 1917 1868 1947 25
