1976 3210
238 202 320 244 120
629 211 654 246 I.
682 211 734 246 De
758 213 984 257 peccatorum
1008 210 1142 246 meritis
1165 213 1202 246 et
1225 210 1427 246 remissione

237 337 389 390 profuit
409 337 634 385 saluatoris,
663 349 734 377 cur
759 349 842 377 non
867 336 1007 391 potius
1033 335 1111 377 hoc
1137 335 1389 386 adtendunt,
1415 336 1493 378 hoc
1519 336 1710 386 audiunt,
1735 337 1813 379 hoc

235 403 323 445 sine
345 402 649 456 disceptatione
670 401 858 451 credunt,
882 401 994 456 quod
1015 401 1226 455 apostolus
1247 401 1335 443 sine
1356 401 1630 456 ambiguitate
1651 402 1812 444 locutus

240 473 321 510 ost:
364 467 482 522 quia
509 480 593 522 per
615 466 870 508 hominem
896 479 1022 507 mors
1048 470 1095 508 et
1122 479 1206 521 per
1229 466 1483 508 hominem
1507 467 1810 509 resurrectio

238 538 567 575 mortuorum.
615 531 749 574 sicut
779 531 993 574 enimin
1018 531 1174 573 Adam
1206 545 1376 574 omnes
1410 531 1710 582 moriuntur,
1744 532 1813 574 sic

237 604 285 640 et
322 599 372 640 in
403 598 601 640 Christo
639 610 809 639 omnes
850 597 1294 639 uiuificabuntur?
1341 610 1474 651 neque
1505 597 1615 639 enim
1646 597 1812 639 aliunde
1839 610 1856 638 5

237 678 364 719 quam
384 664 435 706 de
455 663 636 718 corporis
655 663 950 705 resurrectione
970 662 1149 704 dicebat.
1187 662 1373 704 omnium
1392 675 1486 717 ergo
1506 663 1686 717 corporis
1706 676 1813 705 mor-

236 735 322 771 tem
345 729 503 771 factam
528 741 598 783 per
620 742 750 770 unum
772 727 983 770 hominem
1006 727 1116 769 dixit
1139 731 1181 769 et
1205 727 1388 769 omnium
1412 727 1593 782 corporis
1615 740 1813 769 resurrec—

237 795 394 837 tionem
438 794 480 836 in
526 794 659 836 uitam
703 797 914 835 aeternam
960 806 1031 847 per
1077 806 1206 834 unum
1243 792 1453 834 Christum
1506 792 1690 835 futuram
1727 806 1812 835 esse

237 859 440 915 promisit.
491 859 698 914 quomodo
719 872 812 914 ergo
834 858 939 913 ‘plus
958 857 1077 901 nobis
1097 857 1240 900 nocuit
1259 858 1325 900 ille
1346 858 1568 912 peccando,
1590 871 1716 912 quam
1735 858 1812 900 iste

237 925 394 980 profuit
413 925 684 974 redimendo‘,
705 937 799 966 cum
818 937 889 978 per
907 923 1015 965 illius
1035 928 1253 978 peccatum
1271 923 1556 978 temporaliter
1574 923 1810 970 moriamur.
1843 935 1882 963 ιο

237 1004 309 1046 per
326 990 445 1032 istius
463 996 604 1032 autem
615 989 943 1045 redemptionem
954 1002 1038 1030 non
1052 988 1105 1031 ad
1123 989 1395 1043 temporalem
1406 988 1551 1038 uitam,
1567 989 1639 1030 sed
1653 988 1706 1031 ad
1724 1001 1813 1043 per·

236 1061 408 1111 petuam
425 1054 710 1111 resurgamus?
743 1059 931 1097 nostrum
949 1067 1043 1109 ergo
1060 1067 1208 1108 corpus
1225 1059 1437 1096 mortuum
1454 1059 1516 1096 est
1534 1059 1704 1108 propter
1721 1067 1812 1108 pec-

238 1127 392 1171 catum,
410 1121 563 1163 Christi
578 1126 719 1163 autem
735 1133 882 1175 corpus
898 1120 1031 1161 solum
1047 1124 1259 1161 mortuum
1275 1125 1337 1161 cst
1352 1119 1440 1161 sine
1455 1125 1640 1173 peccato,
1658 1124 1704 1161 ut
1722 1119 1811 1160 fuso

237 1187 436 1242 sanguine
451 1187 538 1229 sine
550 1186 672 1241 culpa
687 1185 871 1227 omnium
886 1185 1101 1240 culparum
1116 1185 1390 1239 chirographa
1403 1184 1649 1233 delerentur,
1667 1184 1815 1239 quibus

236 1253 457 1302 debitores,
482 1252 553 1308 qui
572 1252 615 1293 in
636 1265 730 1294 eum
754 1251 943 1300 credunt,
974 1264 999 1292 a
1031 1250 1198 1292 diabolo
1229 1255 1353 1292 antea
1388 1250 1650 1292 tenebantur.
1702 1249 1810 1293 ideo:
1844 1261 1879 1290 15

235 1318 315 1360 hic
374 1322 447 1360 est
505 1316 710 1372 sanguis
770 1329 918 1366 meus,
985 1315 1070 1370 qui
1141 1328 1226 1370 pro
1283 1315 1457 1357 multis
1511 1314 1812 1357 effundetur

238 1384 289 1426 in
316 1383 664 1425 remissionem
694 1386 1030 1437 peccatorum.

344 1449 509 1491 XXXI.
530 1448 593 1491 50.
614 1448 784 1489 Poterat
803 1451 943 1489 autem
962 1446 1090 1488 etiam
1107 1446 1185 1488 hoc
1203 1446 1356 1488 donare
1375 1445 1652 1494 credentibus,
1673 1450 1719 1487 ut
1739 1458 1812 1487 nec

236 1514 356 1558 istius
377 1513 661 1569 experirentur
681 1512 861 1567 corporis
881 1516 1077 1561 mortem;
1114 1511 1183 1553 sed
1206 1511 1239 1552 si
1259 1512 1336 1553 hoc
1357 1511 1533 1559 fecisset,
1556 1510 1669 1552 carni
1689 1523 1812 1564 quae-

236 1580 334 1622 dam
356 1579 529 1622 felicitas
551 1579 787 1628 adderetur,
809 1577 1064 1619 minueretur
1085 1581 1226 1619 autem
1248 1576 1349 1618 fidei
1370 1575 1585 1618 fortitudo.
1624 1575 1681 1617 sic
1702 1575 1811 1617 enim
1839 1587 1880 1616 20

236 1645 423 1687 homines
445 1649 621 1686 mortem
643 1644 767 1685 istam
788 1643 952 1689 timent,
976 1648 1024 1684 ut
1050 1655 1131 1683 non
1154 1642 1206 1683 ob
1228 1641 1340 1683 aliud
1364 1641 1498 1683 felices
1521 1640 1704 1682 dicerent
1726 1654 1811 1682 esse

236 1711 505 1760 Christianos,
533 1709 611 1751 nisi
637 1709 748 1763 quod
775 1708 878 1750 mori
905 1707 1072 1749 omnino
1099 1721 1181 1749 non
1208 1712 1388 1761 possent,
1416 1720 1463 1748 ac
1490 1720 1561 1761 per
1586 1706 1663 1748 hoc
1691 1719 1809 1747 nemo

237 1781 406 1831 propter
428 1775 541 1817 illam
565 1775 710 1824 uitam,
735 1787 840 1829 quae
863 1778 956 1828 post
979 1773 1106 1814 istam
1128 1777 1304 1814 mortem
1327 1772 1452 1814 beata
1474 1771 1616 1813 futura
1639 1776 1713 1820 est,
1739 1784 1810 1825 per

236 1842 437 1883 uirtutem
456 1841 583 1882 etiam
602 1839 929 1881 contemnendae
947 1838 1077 1893 ipsius
1096 1837 1242 1880 mortis
1261 1837 1315 1879 ad
1333 1837 1485 1879 Christi
1502 1836 1681 1892 gratiam
1699 1835 1812 1878 festi-

235 1911 367 1957 naret,
394 1906 465 1948 sed
490 1911 659 1961 propter
682 1904 979 1946 remouendam
1004 1903 1149 1945 mortis
1174 1902 1407 1945 molestiam
1431 1901 1647 1944 delicatius
1673 1901 1809 1943 crede·
1837 1914 1878 1942 25

236 1977 349 2014 retur
375 1972 418 2013 in
445 1971 667 2013 Christum.
711 1970 802 2025 plus
830 1983 923 2024 ergo
949 1969 1107 2024 gratiae
1135 1967 1358 2023 praestitit,
1388 1967 1479 2022 plus
1506 1966 1700 2008 fidelibus
1728 1966 1811 2008 suis

237 2037 323 2079 sine
341 2037 604 2079 dubitatione
621 2035 808 2078 donauit.
842 2035 942 2090 quid
961 2034 1071 2076 enim
1088 2047 1285 2089 magnum
1302 2037 1391 2075 erat
1408 2032 1590 2074 uidendo
1607 2045 1691 2074 non
1707 2031 1811 2073 mori

238 2116 318 2154 eos,
347 2102 418 2158 qui
443 2102 668 2151 crederent,
696 2099 859 2143 credere
884 2113 926 2142 se
952 2113 1035 2141 non
1060 2097 1332 2141 moriturum?
1371 2102 1529 2153 quanto
1565 2101 1627 2139 est
1662 2096 1809 2146 maius,

326 2205 347 2239 3
370 2203 385 2238 Ι
406 2204 481 2239 Cor.
504 2203 557 2244 15,
579 2204 633 2238 21.
653 2203 696 2237 22
815 2203 858 2237 14
881 2202 924 2236 cf.
951 2201 1021 2236 Col.
1049 2202 1080 2242 2,
1107 2202 1148 2236 14
1286 2198 1327 2234 16
1340 2199 1468 2234 Matth.
1485 2199 1538 2240 26,
1554 2199 1596 2234 28

324 2288 340 2321 1
357 2285 426 2320 fuit
438 2285 620 2321 La.c.S'VG
681 2283 876 2319 attendunt
888 2283 953 2319 hoc
965 2285 995 2319 A
1055 2284 1076 2318 2
1091 2282 1164 2317 sine
1175 2281 1399 2317 dubitatione
1410 2281 1519 2316 Kde
1584 2273 1609 2315 ᾗ
1618 2279 1767 2315 credunt
1778 2280 1810 2314 A

236 2347 403 2392 loquutus
414 2345 475 2380 SV
508 2345 529 2380 6
538 2343 827 2380 resurrectionem
838 2343 954 2378 Lm10
990 2348 1010 2379 ὅ
1018 2342 1053 2377 in
1062 2342 1211 2377 s.l.m2K
1256 2345 1438 2376 aeternam
1447 2340 1549 2375 om.A
1580 2340 1690 2385 9ergo
1701 2350 1764 2374 om.
1778 2340 1811 2374 A

236 2405 337 2441 nobis
349 2416 413 2440 om.
427 2406 459 2440 A
596 2405 635 2440 11
651 2402 786 2449 autem]
797 2394 874 2438 ΜΞ
886 2404 918 2438 Α
1050 2401 1304 2437 redemtionem
1315 2401 1344 2435 L
1478 2400 1520 2435 12
1531 2398 1599 2445 est]
1609 2399 1685 2434 add.
1705 2402 1742 2433 et
1754 2398 1809 2433 Kb

239 2467 282 2501 13
291 2464 359 2511 est]
375 2465 452 2499 add.
465 2467 501 2499 et
512 2463 569 2499 Kb
643 2463 757 2498 effuso
770 2463 802 2498 A
879 2463 920 2498 14
932 2460 1150 2507 cyrographa
1161 2461 1190 2496 L
1210 2459 1382 2505 cirografa
1399 2459 1504 2495 SVM
1529 2458 1714 2504 cyrograra
1726 2457 1822 2493 PAO

235 2524 442 2570 cirographa
454 2524 490 2559 K
500 2524 560 2568 ch>
569 2522 709 2567 regrafa
717 2523 747 2558 G
815 2522 857 2558 15
866 2532 888 2557 a
897 2532 961 2557 om.
975 2522 1051 2556 AM
1115 2519 1208 2566 ideo]
1221 2523 1256 2554 et
1265 2519 1344 2554 ideo
1355 2519 1395 2554 zd
1407 2521 1444 2554 et
1454 2517 1532 2554 ideo
1546 2518 1598 2553 ait
1607 2518 1626 2553 b
1690 2519 1731 2553 16
1742 2516 1809 2563 est]

238 2584 319 2619 add.
330 2583 447 2630 inquit
458 2583 599 2619 3.l.m2L
614 2581 667 2618 ait
677 2582 733 2617 Vd
825 2581 1005 2617 effudetur
1019 2580 1047 2615 V
1143 2581 1184 2615 17
1203 2578 1404 2614 remissione
1415 2578 1557 2614 LVAM
1635 2578 1678 2613 18
1691 2576 1800 2612 etiam

236 2644 276 2679 in
288 2655 353 2679 ras.
369 2643 458 2678 Am?
571 2643 615 2678 20
625 2641 773 2677 felicitas
781 2641 876 2686 Gne.
992 2643 1222 2675 munueretur
1233 2639 1324 2674 Kml
1441 2637 1472 2673 si
1482 2637 1575 2673 Km1
1683 2637 1726 2672 21
1735 2646 1810 2671 esse

236 2703 393 2738 dicerent
405 2702 440 2738 K
495 2703 538 2738 24
551 2701 674 2737 mortis
690 2699 916 2746 molestiamla
969 2697 1390 2735 mortis—remouendam
1399 2697 1439 2733 in
1449 2695 1608 2742 mq.m.2A
1653 2696 1696 2731 25
1710 2706 1810 2731 reno-

237 2762 356 2798 uenda
364 2762 455 2797 Kml
471 2761 689 2796 semouenda
699 2762 740 2796 M
834 2761 875 2796 27
886 2759 954 2795 erit
967 2759 996 2795 V
1088 2759 1131 2795 28
1139 2758 1279 2795 credere
1289 2758 1391 2793 0m.A
1489 2755 1677 2791 morituros
1685 2754 1807 2791 Gm2A

237 2821 428 2857 moriturus
439 2822 480 2857 M
567 2820 790 2867 quoanthl
875 2818 987 2854 maior
998 2817 1030 2853 V
