2028 3204
235 216 318 259 348
674 227 732 263 Ν.
764 228 818 264 De
848 230 978 264 natura
1009 231 1044 263 et
1073 227 1206 275 origine
1235 227 1374 265 animae

233 352 388 395 fuerint
423 366 495 395 nec
538 353 591 395 ad
627 366 770 403 annos,
807 366 910 408 quos
946 352 1132 396 homines
1168 366 1242 409 pro
1277 366 1430 409 magno
1456 353 1600 397 diuino
1634 367 1803 397 munere

238 417 316 460 sibi
365 422 584 473 exoptant,
631 417 844 474 peruenire
895 419 1121 474 potuerint.
1186 418 1307 474 quale
1371 423 1435 462 est
1482 423 1625 462 autem
1673 419 1807 462 dicere

231 484 426 527 ‘infantes
477 483 811 539 praedestinatos
864 483 1075 539 baptismo
1120 483 1231 527 uitae
1284 484 1525 540 praesentis,
1577 489 1804 540 antequam

232 554 504 593 renascantur
534 549 577 592 in
610 550 785 601 Christo,
821 550 991 592 occiduo
1023 550 1282 604 praeueniri‘,
1326 550 1441 593 uelut
1473 550 1613 606 aliqua
1639 551 1701 593 uis
1723 550 1805 594 for-

232 621 361 658 tunae
408 629 479 658 seu
526 615 606 658 fati
652 615 738 657 siue
781 615 1000 658 cuiuslibet
1040 615 1097 658 rei
1139 629 1221 658 non
1264 615 1485 671 permittat
1525 615 1650 658 deum
1693 617 1804 672 quod
1831 629 1848 657 5

232 681 564 736 praedestinauit
594 679 779 735 inplere?
823 686 864 723 et
897 682 1106 736 quomodo
1138 680 1225 736 ipse
1256 680 1346 724 illos
1377 681 1500 736 rapit,
1536 681 1635 736 quia
1663 681 1804 737 placu-

232 751 354 788 erunt
395 746 486 789 illi?
536 760 589 788 an
630 761 697 790 eos
738 751 778 789 et
816 747 903 802 ipse
943 747 1230 801 praedestinat
1262 746 1468 803 baptizari
1500 751 1541 790 et
1572 747 1658 803 ipse
1692 747 1803 803 quod

234 812 564 867 praedestinauit
597 826 681 855 non
712 812 812 855 sinit
844 812 968 855 fieri?

319 879 372 921 X.
395 880 456 921 14.
494 879 573 921 Sed
605 878 786 921 adtende
813 878 913 932 quid
941 878 1077 922 adhuc
1105 880 1272 929 audeat,
1298 877 1362 920 cui
1387 877 1577 933 displicet
1609 878 1651 920 in
1681 882 1804 920 tanta

232 943 353 986 huius
401 944 688 999 profunditate
738 944 992 999 quaestionis
1037 944 1201 987 cautior
1249 957 1375 998 quam
1419 943 1614 986 scientior
1660 949 1873 986 nostram

232 1010 466 1052 cunctatio:
506 1010 641 1053 ausim
672 1009 810 1062 dicere,
844 1009 996 1064 inquit,
1027 1010 1124 1052 istos
1155 1010 1365 1064 peruenire
1397 1022 1512 1064 posse
1542 1009 1595 1054 ad
1626 1009 1804 1064 oriqina-

231 1076 332 1118 lium
372 1074 666 1131 indulqentiam
705 1079 965 1130 peecatorum,
1007 1089 1091 1118 non
1123 1079 1254 1118 tamen
1285 1079 1329 1118 ut
1359 1075 1519 1118 caeleste
1558 1074 1804 1118 inducantur

230 1141 276 1183 in
307 1154 484 1196 reqnum,
519 1141 640 1183 sicuti
671 1141 819 1183 latroni
849 1141 1025 1195 confesso
1057 1141 1215 1195 quidem
1245 1140 1314 1183 sed
1343 1154 1426 1183 non
1457 1140 1654 1195 baptizato
1678 1140 1805 1183 domi-

230 1221 309 1249 nus
341 1221 424 1249 non
456 1207 653 1249 caelorum
683 1219 850 1262 reqnum
882 1206 1032 1258 tribuit,
1065 1206 1133 1250 sed
1164 1205 1415 1261 paradisum,
1444 1219 1533 1249 eum
1557 1205 1695 1260 utique
1718 1205 1804 1248 iam

231 1277 428 1315 maneret:
461 1273 560 1327 qui
590 1286 703 1315 non
732 1277 983 1315 renatus
1016 1272 1211 1325 suerit
1236 1285 1294 1314 ex
1319 1285 1469 1326 aqua
1494 1275 1538 1313 et
1564 1270 1804 1326 spiritu
1834 1282 1870 1312 15

227 1342 456 1389 sancto,
499 1351 611 1380 non
651 1337 921 1380 intrabit
966 1338 1022 1379 in
1060 1350 1300 1392 reqnum
1340 1335 1652 1388 caelorum,
1686 1349 1803 1390 prae-

231 1404 349 1458 cipue
390 1403 487 1458 quia
527 1404 674 1446 multas
716 1415 799 1445 esse
838 1403 1068 1446 mansiones
1109 1402 1221 1457 apud
1261 1407 1414 1457 patrem
1454 1416 1574 1445 suum
1614 1402 1803 1445 dominus

230 1469 452 1523 profitetur,
494 1469 542 1512 in
582 1469 725 1523 quibus
765 1469 1027 1524 desiqnantur
1057 1468 1199 1511 merita
1229 1468 1355 1512 multa
1386 1472 1421 1510 et
1451 1467 1614 1511 diuersa
1643 1480 1803 1510 manso-

229 1548 334 1585 rum,
376 1539 421 1577 ut
451 1534 517 1577 hic
547 1548 630 1577 non
670 1534 895 1588 baptizatus
926 1534 1166 1589 perducatur
1198 1533 1250 1576 ad
1280 1533 1457 1584 ueniam,
1492 1533 1718 1588 baptizatus
1750 1532 1802 1575 ad

232 1601 423 1654 palmam,
458 1612 558 1654 quae
588 1604 644 1643 est
674 1604 819 1654 parata
848 1611 919 1654 per
951 1599 1133 1655 qratiam.
1175 1599 1307 1641 cernis
1330 1598 1539 1642 hominem
1561 1598 1800 1653 paradisum
1828 1610 1870 1640 20

229 1669 358 1720 atque
391 1665 638 1716 mansiones,
675 1679 781 1720 quae
811 1670 910 1707 sunt
943 1665 1054 1720 apud
1086 1669 1263 1720 patrem,
1296 1678 1321 1706 a
1343 1677 1468 1719 regno
1495 1676 1686 1719 separare
1712 1676 1800 1706 cae-

230 1731 376 1781 lorum,
409 1735 457 1772 ut
490 1731 618 1772 etiam
653 1745 736 1773 non
769 1729 994 1785 baptizatis
1035 1729 1250 1773 abundent
1283 1729 1374 1772 loca
1405 1729 1682 1784 sempiternae
1713 1727 1801 1771 seli-

228 1796 383 1840 citatis.
419 1809 494 1839 nec
521 1796 649 1842 uidet.
678 1809 772 1838 cum
800 1796 881 1837 ista
906 1795 1022 1848 dicit,
1049 1796 1112 1838 ita
1136 1808 1178 1837 se
1203 1795 1311 1838 nolle
1336 1793 1542 1850 baptizati
1569 1793 1799 1849 cuiuspiam

230 1862 394 1918 paruuli
440 1861 699 1905 mansionem
747 1875 771 1904 a
817 1861 1024 1905 caelorum
1073 1874 1199 1916 regno
1246 1873 1450 1916 separare,
1488 1864 1537 1903 ut
1567 1860 1702 1917 ipsam
1734 1858 1800 1902 dei

227 1927 361 1984 patris
380 1928 552 1970 domum
586 1927 650 1970 uel
683 1925 843 1983 aliquas
876 1931 1017 1982 partes
1050 1927 1136 1969 eius
1169 1926 1265 1970 inde
1298 1938 1489 1983 separare
1519 1938 1603 1969 non
1629 1924 1797 1976 timeat;
1826 1937 1867 1967 25

231 2007 364 2049 neque
397 1995 506 2036 enim
539 1993 733 2036 dominus
768 1992 879 2035 Iesus
913 1992 955 2035 in
987 1992 1261 2035 uniuersitate
1295 1997 1508 2036 creaturae
1540 1991 1605 2034 uel
1631 1989 1673 2033 in
1700 2002 1801 2044 qua-

228 2059 330 2103 libet
364 2058 651 2102 uniuersitatis
683 2062 816 2114 parte,
841 2058 931 2100 sed:
974 2059 1031 2100 in
1062 2059 1129 2101 do
1148 2071 1190 2099 m
1209 2072 1232 2100 o
1263 2071 1290 2113 p
1309 2057 1469 2100 atris
1505 2055 1638 2108 mei,
1674 2055 1798 2108 dixit,

228 2125 459 2168 multae
506 2124 859 2166 mansiones
906 2127 1063 2166 sunt.
1123 2122 1333 2179 quomodo
1380 2135 1475 2178 ergo
1521 2122 1600 2164 erit
1640 2121 1684 2165 in
1732 2121 1799 2164 dei

227 2190 359 2246 patris
407 2190 532 2232 domo
579 2202 662 2232 non
711 2188 963 2244 baptizatus,
1012 2201 1106 2231 cum
1153 2189 1278 2231 deum
1318 2191 1483 2243 patrem
1523 2187 1675 2230 habere
1714 2199 1799 2230 non

318 2292 350 2327 3.
368 2292 407 2327 11
424 2289 522 2326 Vino.
538 2290 660 2326 Victor
767 2290 809 2325 13
823 2289 868 2326 cf.
882 2290 967 2327 Luc.
984 2290 1038 2332 23,
1051 2290 1094 2324 43
1180 2289 1222 2325 15
1238 2288 1313 2326 Ioh.
1326 2289 1358 2332 3,
1374 2288 1395 2323 5
1490 2289 1531 2324 17
1547 2288 1592 2325 ct.
1609 2285 1683 2324 Ioh.
1702 2289 1756 2330 14,
1774 2287 1794 2322 2

232 2352 274 2387 27
289 2350 364 2386 Ioh.
380 2352 434 2393 14,
449 2351 470 2386 2

317 2423 339 2458 3
362 2412 635 2468 praedistinatos
647 2420 676 2455 C
731 2421 752 2455 4
772 2421 1044 2456 renascunturF
1062 2419 1293 2456 nascanturE
1346 2420 1368 2455 5
1382 2418 1460 2466 seu]
1475 2417 1584 2454 siued
1627 2416 1686 2454 alt.
1698 2417 1796 2454 seut}

226 2481 249 2516 6
269 2481 412 2528 implere
423 2494 487 2514 *u
500 2478 780 2527 praedestinauit
793 2480 847 2526 (in
859 2491 924 2526 my.
937 2479 1049 2526 quod)
1058 2479 1090 2515 E
1171 2479 1243 2526 ipse
1258 2490 1322 2515 om.
1336 2478 1365 2514 Ο
1440 2480 1460 2514 7
1474 2477 1543 2524 illi]
1557 2477 1590 2514 ei
1599 2477 1618 2513 b
1687 2479 1725 2513 et
1738 2487 1792 2523 pr.

231 2539 414 2577 omBCFb
481 2541 520 2577 11
534 2550 614 2576 uoce
625 2538 739 2576 ausim
751 2539 819 2575 inc.
836 2550 863 2576 c.
879 2539 916 2574 X
929 2539 947 2574 b
1012 2540 1055 2575 13
1068 2538 1178 2575 sicuti
1187 2539 1220 2574 A
1231 2537 1327 2574 sicut
1336 2538 1375 2574 in
1386 2537 1419 2572 D
1433 2537 1526 2574 sicut
1542 2539 1600 2573 cd.
1650 2535 1795 2584 quidem

231 2600 388 2636 confesso
399 2600 428 2636 G
504 2597 676 2646 confessio
688 2598 720 2634 B
787 2599 828 2635 15
841 2597 1074 2635 minareturG
1141 2597 1248 2634 merit
1262 2598 1303 2645 (ε.
1317 2597 1355 2644 1.)
1369 2599 1514 2634 renatus
1523 2597 1558 2633 D
1620 2598 1663 2634 17
1685 2606 1757 2643 qua
1768 2595 1798 2631 0

230 2659 365 2696 multos
376 2660 410 2695 A
470 2660 513 2695 18
535 2658 744 2706 designatur
753 2659 787 2694 A
848 2658 891 2693 19
911 2657 993 2694 hinc
1005 2657 1039 2693 D
1107 2657 1151 2694 20
1163 2668 1245 2704 qua.
1258 2661 1288 2694 e.
1299 2657 1333 2692 A
1393 2667 1514 2693 carnes
1529 2656 1564 2704 (o
1575 2655 1617 2692 in
1629 2655 1643 2692 i
1655 2654 1755 2702 ma)
1765 2654 1795 2691 0

230 2718 433 2766 paradisum
447 2730 510 2755 om.
527 2717 725 2755 BC'GFmIb
827 2718 867 2754 21
879 2716 1005 2764 atque]
1017 2727 1106 2763 equo
1119 2716 1138 2752 b
1237 2717 1280 2753 24
1294 2725 1319 2752 a
1332 2727 1396 2753 om.
1409 2714 1587 2753 BCGle
1673 2715 1752 2762 ipn
1760 2715 1793 2750 A

230 2779 273 2815 26
287 2769 354 2814 ἀῶ
369 2777 510 2814 isABc
529 2769 595 2814 dn‘s
610 2769 675 2815 ITS
692 2777 751 2824 (m.
770 2776 793 2812 2
807 2767 949 2823 fffsff
967 2767 1034 2812 dffs
1049 2776 1139 2813 hiso
1241 2774 1447 2813 amomi
1547 2772 1793 2821 ιιιιῑιιωείωιο]

230 2837 394 2875 uniuerso
403 2838 453 2884 (e)
466 2837 526 2874 BG
591 2838 634 2874 28
642 2835 757 2883 multe
767 2835 966 2873 mansiones
976 2835 1044 2872 AD
1059 2846 1170 2872 mane.
1187 2835 1321 2872 multae
1334 2836 1392 2872 oet.
