2002 3256
262 294 364 338 XVI
891 305 1197 342 Praefatio.

259 417 391 459 codex
417 429 524 472 quae
551 416 776 472 peculiaria
801 416 969 467 habeat,
998 429 1123 471 quem
1148 415 1286 459 locum
1310 416 1421 459 inter
1445 421 1604 460 ceteros
1630 417 1832 470 obtineat,

257 482 366 524 infra
395 482 632 525 disseretur.
678 480 859 525 contulit
888 482 935 524 E.
966 481 1162 524 Kalinka.

364 547 505 590 Codex
535 546 1029 590 Mediolanensis
1061 547 1326 590 Ambros.
1356 547 1397 589 H
1422 548 1474 591 99
1503 561 1621 603 sup.
1658 549 1831 592 membr.

258 613 371 654 misc.
412 612 497 655 foll.
540 613 616 655 149
653 612 808 655 iudicio
847 612 1049 667 praesidis
1088 612 1363 655 bibliothecae
1399 612 1442 655 in
1477 626 1559 668 qua
1596 619 1835 657 asseruatur

258 691 362 720 saec.
396 677 461 720 XI
493 678 684 732 scriptuS,
717 690 812 720 cum
842 678 884 719 in
917 677 1106 733 catalogo
1138 690 1230 720 saec
1275 677 1388 720 XIII
1418 691 1506 720 esse
1537 678 1714 731 dicatur,
1746 679 1831 722 foll.

260 738 417 785 1—6‘212
449 743 574 786 libros
606 743 659 785 de
691 742 841 798 quibus
883 743 1043 798 agimus
1098 743 1296 786 exhibens
1328 748 1544 798 praeterea
1574 745 1677 787 haec
1708 757 1834 800 opera

258 809 482 864 Augustini
513 808 719 851 continet:
752 808 798 850 de
833 809 962 864 qratia
997 812 1030 850 et
1062 808 1181 851 libero
1208 808 1370 851 arbitrio
1397 808 1449 851 ad
1475 809 1726 852 valentinum
1751 823 1833 852 mo-

257 874 443 925 nachum,
471 874 517 916 de
541 875 781 927 correptione
801 878 834 915 et
857 874 987 928 qratia
1006 873 1057 916 ad
1077 873 1243 916 eundem
1262 874 1528 926 ualerztirzum,
1552 874 1599 916 de
1621 875 1778 929 nuptiis
1798 879 1833 917 et

258 940 578 994 concupiscentia
601 939 695 981 libri
718 939 780 990 II,
805 939 851 981 de
873 943 1021 982 natura
1045 939 1152 990 boni,
1176 939 1223 981 de
1245 939 1498 982 diuinatiorie
1519 939 1742 982 demonum.
1788 940 1831 982 in

219 1012 225 1017 ·
258 1018 338 1058 mg.
371 1019 460 1060 sup.
493 1005 746 1048 adnotatum
777 1009 859 1047 est:
888 1005 932 1047 S.
963 1005 1040 1047 102
1068 1008 1266 1059 comprato
1294 1004 1362 1047 dal
1389 1005 1432 1047 S.
1462 1005 1682 1047 Domiriici.

188 1069 228 1111 D
365 1071 506 1114 s'odex
527 1070 562 1112 G
579 1083 598 1112 r
615 1084 639 1113 a
656 1075 674 1112 t
691 1070 703 1112 i
722 1084 747 1113 a
762 1084 789 1112 n
808 1084 830 1113 ο
849 1084 875 1126 p
894 1084 916 1113 ο
934 1070 976 1112 li
993 1074 1012 1112 t
1029 1084 1055 1113 a
1070 1084 1097 1112 n
1115 1085 1142 1113 u
1159 1071 1272 1112 8107
1291 1071 1464 1113 membr.
1484 1070 1597 1112 misc.
1618 1083 1723 1113 saec.
1744 1070 1832 1113 XII

257 1135 469 1179 confectus
491 1136 635 1179 ordine
656 1136 878 1179 uerborum
898 1136 1071 1178 secundi
1088 1135 1184 1178 libri
1205 1135 1374 1179 confuso
1396 1150 1421 1178 a
1441 1136 1588 1178 ceteris
1610 1136 1830 1192 discrepat.

256 1214 351 1243 cum
371 1202 454 1244 iam
476 1202 518 1243 in
541 1206 747 1256 apparatu
769 1201 911 1243 critico
933 1205 1129 1244 notatum
1149 1201 1217 1252 sit,
1240 1201 1342 1256 quid
1363 1214 1528 1257 quoque
1552 1200 1641 1244 loco
1663 1201 1833 1245 turbate

255 1267 462 1309 traditum
487 1267 554 1317 sit,
580 1266 788 1322 reliquum
813 1271 889 1317 est,
916 1271 964 1309 ut
989 1279 1096 1322 quae
1122 1266 1274 1309 omissa
1297 1271 1395 1308 sunt
1421 1266 1685 1321 complectar.
1726 1266 1833 1309 desi-

258 1333 459 1374 derantur
481 1338 624 1375 autcm
646 1333 766 1374 haec:
791 1333 881 1383 463,
906 1333 931 1374 8
953 1331 1158 1374 emendare
1180 1358 1231 1362 ——
1261 1332 1460 1374 hominem
1481 1333 1573 1383 464,
1596 1333 1640 1382 53
1664 1333 1755 1383 469,
1779 1333 1831 1374 24

257 1398 327 1451 qui
354 1397 459 1440 dimit
487 1425 539 1428 -—
565 1397 724 1439 uidetur
751 1410 920 1439 asserere
946 1398 1038 1448 470,
1067 1398 1137 1448 22;
1166 1397 1257 1447 472,
1288 1398 1336 1439 17
1364 1398 1461 1450 quia
1487 1396 1552 1439 dei
1578 1423 1630 1428 —
1657 1397 1829 1451 acceptio

258 1476 519 1516 personarum
547 1464 637 1514 473,
670 1464 738 1513 16;
768 1463 858 1514 475,
890 1464 940 1506 13
968 1463 1138 1518 qratiam
1166 1489 1219 1493 —
1246 1463 1292 1504 iri
1319 1462 1487 1517 yloriam
1513 1463 1605 1514 476,
1637 1464 1706 1513 15;
1735 1462 1827 1513 481,

257 1529 281 1569 6
304 1529 509 1582 responsio
527 1555 578 1559 —
594 1533 687 1570 taric
706 1529 813 1570 enim
833 1528 980 1570 borium
998 1528 1089 1579 483,
1108 1529 1145 1570 8.
1169 1528 1346 1570 eandem
1366 1527 1652 1571 confusionem
1671 1540 1769 1582 prae
1789 1540 1832 1569 se

255 1593 395 1636 ferunt
413 1595 545 1636 codex
563 1594 691 1636 Paris.
711 1593 1031 1636 Armamentarii
1051 1592 1176 1648 (Bibl.
1197 1594 1248 1635 de
1265 1592 1486 1648 l'Arsenal)
1502 1593 1580 1635 586
1596 1593 1691 1647 (434
1708 1592 1833 1648 T.L.)

256 1672 360 1701 saec.
382 1659 469 1701 XII
484 1663 525 1701 et
541 1660 672 1701 codex
687 1658 899 1700 Trecensis
914 1659 966 1701 40
979 1658 1078 1714 (uol.
1096 1658 1178 1713 IX)
1192 1671 1296 1701 saec.
1315 1658 1417 1710 XII,
1433 1671 1610 1713 quorum
1624 1657 1831 1700 maximae

256 1731 395 1779 partes
418 1724 593 1767 colla-tae
615 1724 838 1767 uerborum
860 1737 1062 1767 consensu
1084 1728 1126 1766 et
1147 1736 1300 1779 magna
1319 1723 1362 1765 in
1385 1723 1590 1766 erroribus
1613 1723 1835 1766 concordia.

256 1790 434 1832 similem
463 1790 663 1846 originem
692 1790 888 1845 produnt.

187 1854 261 1895 EF
368 1855 585 1898 Lectiones
611 1855 802 1897 codicum
827 1855 1273 1897 Vaticanorum
1298 1854 1662 1896 Latinorum
1685 1853 1765 1896 500
1789 1857 1832 1895 et

253 1921 329 1963 501
351 1934 457 1963 saec.
479 1920 559 1962 XV
574 1920 688 1962 Vrba
706 1933 789 1963 non
809 1933 860 1961 ex
880 1920 1092 1962 codicibus
1111 1919 1211 1974 ipsis
1230 1919 1442 1974 repetiuit,
1462 1919 1535 1961 sed
1554 1931 1606 1960 ex
1624 1923 1832 1974 apparatu

255 1986 626 2029 Benedictinorum
642 1986 862 2041 excerpsit,
881 1985 1011 2040 quiin
1029 1985 1171 2027 codice
1188 1984 1377 2027 Parisino
1396 1984 1530 2027 Nouv.
1544 1983 1684 2026 Fonds
1702 1984 1832 2026 11646

255 2052 506 2094 continetur.
549 2051 616 2093 hic
642 2051 774 2094 codex
800 2051 859 2093 sic
883 2050 1049 2105 incipit:
1079 2049 1227 2092 Contra
1251 2049 1354 2091 duas
1379 2049 1567 2104 epistolas
1596 2048 1755 2103 Pelaqii
1780 2047 1832 2090 ad

258 2117 521 2170 Bonifacium
546 2117 595 2158 R.
625 2116 675 2159 U.
701 2116 840 2169 ΕΜ
861 2115 976 2158 Libri
995 2115 1033 2157 4.
1072 2115 1178 2167 Quos
1202 2114 1352 2157 contuli
1374 2114 1425 2157 ad
1446 2114 1472 2156 2
1495 2113 1602 2156 codd.
1629 2127 1680 2156 m.
1705 2127 1736 2155 s.
1761 2114 1832 2167 qui

254 2183 509 2236 reperiuntur
533 2183 579 2224 iri
598 2181 702 2224 Bibl.
727 2181 853 2223 Vatic.
882 2182 928 2223 iri
953 2181 1066 2223 libris
1090 2181 1238 2223 notatis
1262 2194 1384 2222 numo
1410 2179 1487 2221 500
1512 2184 1547 2222 et
1571 2179 1647 2221 501
1677 2178 1835 2233 Eosque·

256 2248 397 2290 notaui
424 2247 597 2300 inferius
626 2260 696 2301 per
724 2264 748 2289 α
774 2249 813 2301 β.

189 2311 224 2352 V
361 2313 504 2355 Codex
535 2312 571 2354 V
587 2312 644 2355 in
662 2313 689 2355 d
707 2326 730 2354 o
748 2311 774 2354 b
792 2325 815 2354 o
832 2326 860 2354 n
878 2325 898 2353 e
916 2325 943 2354 n
960 2311 1007 2354 si
1026 2324 1043 2353 s
1076 2311 1154 2354 873
1185 2310 1343 2366 (Theol.
1379 2310 1474 2365 733)
1506 2309 1678 2352 membr.
1713 2308 1828 2351 misc.

254 2391 358 2421 saec.
400 2377 466 2419 IX
503 2378 681 2432 scriptus
719 2376 828 2420 foliis
866 2377 944 2419 216
981 2375 1188 2419 fasciculis
1226 2375 1398 2418 XXVII
1436 2379 1614 2418 constat.
1669 2373 1831 2416 numeri

254 2444 578 2499 quaternionum
594 2443 637 2484 in
657 2442 841 2498 margine
858 2441 1051 2484 inferiore
1070 2440 1243 2484 ultimae
1262 2441 1461 2496 cuiusque
1479 2439 1655 2496 paginae
1673 2438 1831 2494 appicti

254 2513 364 2551 sunt.
412 2509 544 2551 codex
574 2522 626 2550 ex
655 2508 883 2563 archetypo
915 2506 1148 2562 descriptus
1178 2510 1255 2557 est,
1285 2505 1328 2548 in
1360 2518 1442 2561 quo
1474 2505 1574 2547 ordo
1605 2502 1830 2560 Augustini

254 2573 477 2616 uerborum
495 2574 632 2616 nescio
653 2586 735 2628 quo
756 2585 854 2615 casu
873 2572 1069 2615 turbatus
1089 2575 1191 2615 erat.
1227 2583 1327 2614 nam
1345 2570 1415 2614 fol.
1435 2564 1517 2613 54¹³
1536 2569 1675 2612 medio
1696 2568 1830 2612 oratio

253 2639 489 2694 interrupta
513 2638 622 2681 foliis
647 2632 904 2682 134b-143b
930 2636 1219 2688 continuatur;
1245 2635 1314 2679 fol.
1343 2630 1448 2679 143b
1473 2638 1707 2690 sequuntur
1729 2632 1832 2677 folia

253 2704 304 2746 55
316 2705 494 2747 a—134=¹¹.
534 2717 583 2747 ea
606 2717 702 2759 pars
726 2703 939 2754 orationis,
965 2715 1073 2758 quae
1096 2701 1166 2745 fol.
1194 2695 1300 2745 134b
1324 2700 1477 2744 omissa
1500 2703 1604 2751 erat,
1628 2698 1699 2742 fol.
1726 2699 1832 2742 144·

253 2769 459 2825 excipitur
487 2773 530 2812 et
558 2768 668 2812 foliis
698 2768 969 2824 sequentibus
998 2767 1054 2810 ad
1081 2766 1213 2810 finem
1239 2765 1494 2822 perducitur.
1538 2763 1635 2807 libri
1662 2763 1717 2808 ab
1745 2775 1829 2807 uno

251 2833 420 2877 librario
450 2833 611 2878 exarati
640 2838 752 2876 sunt.
798 2835 1054 2876 correcturas
1082 2836 1228 2876 autem
1255 2835 1298 2874 et
1326 2831 1381 2874 ab
1409 2830 1489 2874 hoc
1516 2828 1630 2885 passi
1658 2831 1758 2872 sunt
1785 2830 1830 2870 et

253 2910 380 2942 manu
411 2898 583 2942 alterius
614 2898 855 2942 correctoris
886 2901 1247 2953 contemporanea.
1293 2894 1563 2940 nihilominus
1593 2896 1693 2937 sunt
1722 2904 1831 2949 quae
