2028 3204
229 259 306 300 (566

230 379 407 424 grauidas:
421 388 507 412 uxor
519 377 592 411 siue
603 380 813 421 conceptura
823 375 896 411 siue
906 376 975 410 iam

275 438 418 481 grauida
445 436 478 470 II
503 437 579 476 317,
606 436 656 470 15.

231 497 359 541 grauis:
388 496 477 530 inter
503 506 624 540 graues
651 495 772 529 odores
801 493 814 528 l
843 495 918 536 274,
945 495 975 529 2.

276 556 349 589 uiro
370 555 466 599 graui
488 554 502 588 l
522 555 599 595 305,
619 554 650 589 6.
671 554 704 595 8,
724 554 767 588 cf.
792 553 806 588 I
825 554 903 595 340,
924 554 975 588 16.

275 614 516 659 grauissimum
534 613 652 659 iugum
672 612 687 647 I
703 614 779 654 496,
798 613 849 648 15.
867 616 978 648 trans-

276 673 368 718 gredi
397 673 440 707 ad
468 672 562 707 aliud
590 672 832 718 grauissimum
861 684 933 707 esse
964 671 978 706 I

277 733 351 774 237,
379 733 429 767 19.

232 792 440 837 grauitatem
469 791 559 825 senis
589 790 602 825 I
630 792 706 832 344,
734 793 765 826 4.
806 791 979 836 grauitate

278 851 404 886 mentis
440 850 453 884 I
487 851 563 892 376,
598 852 651 892 24,
686 850 728 885 cf.
767 850 781 884 l
814 851 891 892 358,
925 852 977 886 24.

234 910 385 955 grauiter
396 914 585 955 arguerunt
598 909 613 944 I
626 911 701 951 233,
714 911 744 945 7.
770 910 981 955 ingemescat

282 969 295 1003 I
313 970 390 1010 440,
408 970 461 1004 21.
479 969 620 1014 grauius
636 973 779 1014 pereant
799 969 814 1003 I
832 970 908 1012 255,
926 970 979 1005 28.

279 1029 429 1074 grauiter
450 1028 541 1074 (opp.
563 1028 769 1073 inridenter)
792 1029 806 1063 l
828 1030 904 1070 403,
927 1030 979 1064 21.

234 1099 357 1133 grauo:
392 1092 568 1123 senectute
600 1092 804 1133 grauaretur
835 1088 904 1130 14,
927 1089 980 1124 22.

280 1147 461 1182 rescribere
490 1158 559 1182 non
589 1147 741 1192 graneris
772 1147 787 1182 I
816 1149 893 1189 341,
924 1149 982 1189 13;

279 1206 354 1252 ej.I
379 1208 433 1248 31,
459 1207 511 1241 16.
536 1208 590 1248 32,
617 1207 668 1242 10.
694 1207 748 1248 70,
772 1209 803 1242 4.

234 1266 418 1311 gremium:
448 1266 484 1300 in
513 1266 635 1301 matris
664 1266 825 1301 eeclesiae
854 1266 984 1312 gremio

283 1325 296 1359 I
335 1326 410 1366 249,
447 1326 478 1360 6.
516 1326 646 1371 gremio
682 1325 831 1361 feminae
868 1336 984 1361 semen

255 1379 258 1381 ’
280 1385 476 1419 infunditur
501 1384 536 1419 ΙΙ
561 1386 636 1426 271,
663 1386 714 1421 19.

236 1456 370 1490 gressus
393 1444 460 1479 mei
487 1443 502 1478 I
527 1445 580 1486 99,
606 1445 658 1480 15.

236 1515 317 1549 grex
350 1503 544 1538 dominicus
579 1503 593 1538 l
625 1505 703 1545 340,
735 1505 787 1540 23.
821 1506 898 1546 423,
932 1505 983 1540 18.

281 1564 356 1604 424,
381 1564 412 1598 8.

237 1622 421 1668 grunnitus
445 1622 515 1656 suis
542 1622 555 1656 Ι
580 1623 656 1664 273,
681 1624 733 1658 20.

238 1682 458 1727 gubernatio:
485 1686 626 1727 propter
665 1693 764 1717 arcae
803 1686 985 1729 tamquam

283 1741 443 1775 ecclesiae
475 1741 761 1786 gubernationem
798 1741 812 1776 I
844 1743 899 1784 83,
932 1743 984 1778 22.

284 1800 368 1845 quid
398 1811 479 1835 uero
509 1800 582 1835 eius
611 1801 862 1846 gubernatione
891 1813 989 1848 prae·

284 1859 432 1894 elarius?
461 1859 495 1894 II
520 1860 574 1902 87,
600 1860 651 1896 16.

240 1919 408 1964 guberno:
434 1919 486 1953 ita
510 1920 732 1965 gubernetur,
759 1924 799 1955 ut
823 1920 947 1956 audiat
973 1920 989 1955 I

284 1980 339 2019 30,
357 1980 407 2013 10.
424 1979 566 2013 domino
581 1979 757 2014 ecclesiam
774 1980 989 2025 gubernante

289 2037 301 2072 1
329 2038 406 2079 569,
434 2038 466 2079 8,
493 2040 535 2082 cs.
566 2038 602 2072 II
628 2039 682 2080 87,
712 2039 763 2074 17.
794 2040 846 2075 18.
875 2040 928 2082 92,
957 2040 988 2075 9.

286 2097 507 2142 prouidentia
532 2098 704 2143 gubernat
729 2099 847 2133 omnia
874 2098 909 2133 II
935 2100 990 2141 43,

287 2156 338 2191 16.

241 2226 378 2261 gurges:
418 2215 454 2249 in
494 2226 598 2261 quam
640 2227 674 2251 se
713 2217 991 2262 profunditatem

287 2274 486 2320 naufragosi
504 2275 650 2320 gurgitis
667 2276 786 2311 iecerit
807 2276 821 2310 I
840 2278 918 2318 310,
937 2277 990 2312 29.

287 2337 469 2380 tamquam
486 2334 666 2380 scopuloso
682 2335 818 2381 gurgite
835 2335 850 2370 I
865 2337 943 2378 308,
958 2336 990 2371 6.

242 2452 371 2488 habeo:
391 2463 533 2498 quoquo
550 2453 656 2488 modo
674 2457 792 2488 autem
812 2465 847 2489 se
866 2454 992 2490 habere

289 2512 348 2547 isti
364 2511 476 2547 uelint
494 2511 528 2547 11
548 2513 622 2554 179,
640 2513 693 2548 20.
723 2512 824 2559 longe
840 2513 941 2548 aliter
957 2524 993 2548 se

291 2571 423 2606 habent
440 2571 661 2617 quaestiones
678 2572 767 2607 istae
788 2571 824 2607 ΙΙ
844 2573 918 2614 185,
938 2574 991 2609 23.

289 2630 373 2666 licet
388 2630 440 2666 ita
457 2641 529 2666 sese
546 2631 677 2666 habeat
695 2630 731 2666 11
749 2632 825 2674 222,
845 2632 896 2667 12.
916 2632 993 2674 258,

293 2691 346 2725 21.
365 2690 441 2732 282,
460 2692 513 2726 11.
530 2690 626 2736 quod
643 2690 754 2726 habet
767 2691 901 2726 ueritas
919 2690 935 2726 I
951 2691 994 2727 54

293 2749 343 2784 17.
386 2748 421 2783 II
461 2750 536 2792 126,
575 2751 607 2786 3.
647 2753 689 2785 ut
725 2749 812 2785 nihil
849 2750 994 2786 haberet

290 2807 492 2853 pudendum
510 2808 616 2851 1448,
632 2809 684 2845 15.
700 2812 816 2845 tecum
830 2809 993 2845 haberem

291 2876 483 2902 sermonem
502 2867 538 2902 II
553 2869 630 2911 213,
648 2869 699 2904 12.
716 2868 845 2905 latinos
859 2868 995 2905 codices

643 258 708 293 111.
737 258 845 293 Index
871 257 1055 292 uerborum
1080 260 1115 291 et
1139 256 1374 291 elocutionum

1094 375 1144 410 sic
1162 375 1288 410 habere
1311 374 1325 409 I
1347 376 1398 416 14,
1421 374 1471 410 16.
1493 374 1600 410 habet
1618 376 1710 411 enim
1729 376 1799 412 elo-

1095 433 1215 479 quium
1248 433 1263 468 1
1292 434 1369 476 305,
1400 435 1430 469 1.
1460 433 1592 470 habent
1619 445 1690 481 quo
1718 445 1801 471 con·

1096 493 1233 539 fugiant
1256 492 1269 527 1
1292 493 1345 535 25,
1367 494 1419 529 22.
1441 493 1548 529 habet
1568 493 1629 529 ubi
1648 506 1684 530 se
1703 506 1799 530 exer-

1096 556 1173 587 ceat
1202 552 1214 587 l
1240 554 1316 594 342,
1344 553 1395 588 15.
1422 552 1530 588 habui
1551 553 1590 588 in
1614 554 1802 590 transactis

1096 617 1133 647 et
1145 611 1286 647 abolitis
1301 611 1316 647 I
1332 613 1406 655 139,
1422 612 1473 648 16.
1489 623 1568 648 cum
1582 613 1643 648 diu
1655 614 1802 650 moleste

1097 671 1258 706 haberem
1289 671 1324 706 II
1350 673 1427 714 209,
1453 674 1484 707 4.
1512 672 1681 708 habemus
1706 673 1798 709 enim

1096 731 1166 765 iam
1195 731 1364 776 quosdam
1393 742 1555 778 spumeos
1580 732 1617 768 in
1644 743 1803 769 sermone

1100 790 1115 825 1
1138 791 1215 832 305,
1238 791 1269 826 8.
1294 790 1330 825 in
1353 801 1455 837 opere
1478 791 1604 827 habere
1629 792 1644 828 I
1667 793 1744 836 213,
1767 794 1799 828 4.

1098 849 1225 896 quibus
1257 850 1309 885 ita
1343 861 1378 886 se
1412 850 1623 887 habentibus
1668 851 1683 887 I
1723 853 1802 896 492,

1099 912 1129 944 1.
1152 909 1198 944 ab
1218 909 1286 944 isto
1307 909 1440 945 habent
1461 914 1501 945 ut
1527 910 1598 946 sint
1619 910 1634 946 I
1651 912 1728 954 328,
1748 915 1800 948 11.

1098 980 1161 1015 pro
1187 979 1314 1015 magno
1350 969 1550 1005 habendum
1585 974 1639 1006 est
1676 970 1712 1006 II
1746 974 1804 1014 43,

1101 1030 1152 1063 14.
1191 1031 1231 1063 ut
1266 1028 1332 1063 sibi
1367 1028 1434 1075 ipsi
1466 1028 1638 1065 habeatur
1661 1031 1806 1077 ignotus

1103 1087 1119 1122 Ι
1135 1088 1212 1129 381,
1230 1088 1260 1123 9.
1279 1088 1374 1133 quod
1391 1099 1462 1124 non
1482 1089 1590 1124 habet
1606 1094 1805 1126 controuer-
1832 1087 1844 1095 ‘

1101 1147 1188 1182 siam
1214 1146 1248 1181 11
1269 1148 1344 1189 245,
1367 1149 1420 1183 21.
1443 1148 1594 1194 perfecte
1618 1161 1653 1185 se
1677 1150 1807 1186 habere

1104 1206 1139 1241 II
1165 1207 1241 1249 236,
1266 1207 1318 1242 26.

1056 1266 1197 1302 habilis:
1232 1277 1294 1301 nec
1327 1277 1451 1302 manus
1485 1267 1607 1302 saltem
1641 1269 1686 1304 ad
1720 1270 1805 1304 scal-

1101 1326 1254 1372 pendum
1280 1325 1411 1361 habiles
1437 1325 1453 1360 1
1475 1327 1530 1369 69,
1555 1327 1607 1363 26.

1057 1385 1297 1421 habitaculum
1325 1385 1339 1420 I
1365 1385 1439 1428 185,
1466 1387 1517 1421 14.
1542 1387 1619 1427 342,
1646 1387 1697 1423 18.

1057 1444 1248 1480 habitatio:
1267 1444 1303 1479 in
1322 1444 1460 1480 caelesti
1479 1445 1696 1482 habitatione
1718 1446 1733 1481 I
1752 1448 1808 1490 29,

1105 1505 1156 1540 18.
1195 1515 1276 1539 suae
1312 1504 1524 1539 habitationi
1559 1506 1752 1552 prospicere
1791 1506 1807 1541 I

1103 1565 1180 1605 342,
1203 1565 1235 1599 3.

1060 1623 1247 1658 habitudo:
1267 1634 1327 1669 per
1346 1634 1482 1658 carnem
1502 1623 1650 1669 priscam
1669 1629 1809 1671 reparat

1105 1682 1346 1718 habitudinem
1386 1682 1401 1717 I
1436 1684 1513 1724 307,
1551 1684 1739 1726 12=345‚
1775 1685 1809 1720 5.

1107 1744 1158 1778 14.
1175 1743 1252 1783 368,
1269 1743 1299 1777 2.
1316 1744 1347 1777 4.
1364 1743 1440 1783 377,
1458 1743 1510 1778 22.
1528 1743 1604 1784 417,
1621 1744 1673 1779 27.
1703 1754 1807 1790 quem

1106 1802 1150 1837 ad
1176 1801 1438 1836 similitudinem
1466 1801 1520 1836 sui
1544 1801 1726 1838 deliniauit
1752 1814 1811 1838 ex-

1106 1857 1241 1896 terioris
1258 1861 1409 1896 hominis
1426 1861 1598 1896 habitudo
1619 1861 1634 1896 I
1653 1863 1730 1904 399,
1750 1863 1811 1905 26;

1106 1922 1148 1964 cs.
1175 1919 1190 1954 1
1214 1921 1246 1963 5,
1271 1921 1301 1955 7.
1551 1910 1554 1913 ’

1062 1980 1205 2015 habitus
1231 1979 1245 2014 1
1269 1980 1346 2022 409,
1372 1980 1423 2015 12.

1062 2040 1128 2074 hae
1143 2044 1250 2085 atque
1264 2039 1342 2074 illac
1358 2038 1457 2085 quasi
1472 2038 1616 2074 ferimur
1632 2039 1647 2074 I
1662 2040 1739 2083 404,
1757 2041 1811 2076 13.

1063 2099 1451 2145 hactenus—quatenus
1484 2098 1500 2133 Ι
1530 2099 1607 2141 382,
1654 2100 1707 2136 23.
1756 2100 1810 2135 25.

1109 2158 1276 2193 uirtutem
1300 2158 1489 2204 perfectam
1512 2158 1680 2194 hactenus
1701 2158 1814 2194 nomi·

1109 2217 1184 2252 nari
1200 2217 1305 2259 1508,
1321 2218 1373 2253 13.
1388 2228 1478 2263 quae
1491 2217 1680 2263 (quaestio)
1693 2221 1812 2253 tamen

1109 2277 1278 2312 haetenus
1306 2277 1455 2312 soluitur
1480 2276 1496 2312 I
1524 2277 1601 2319 539,
1631 2277 1690 2319 25;
1719 2278 1763 2322 cl.
1796 2276 1811 2312 1

1109 2336 1186 2378 508,
1210 2337 1240 2371 7.

1064 2395 1194 2431 haedos
1218 2395 1378 2430 sinistrae
1401 2395 1513 2442 partis
1536 2395 1676 2431 diabolo
1700 2395 1817 2442 pascit

1112 2454 1147 2490 II
1172 2455 1248 2497 286,
1271 2455 1303 2490 5.

1065 2514 1204 2549 haerere
1229 2524 1305 2549 cum
1329 2513 1446 2549 datiam
1473 2513 1489 2548 I
1516 2514 1569 2556 12,
1595 2513 1649 2550 20.
1675 2513 1731 2556 53,
1758 2514 1813 2550 13.

1111 2574 1187 2615 149,
1211 2574 1264 2609 14.
1288 2573 1366 2615 309,
1390 2574 1422 2609 2.
1445 2573 1524 2615 314,
1549 2574 1580 2608 1.

1065 2632 1268 2668 haesitatio:
1285 2632 1359 2668 sine
1373 2631 1445 2668 ulla
1457 2631 1689 2668 haesitatione
1705 2630 1722 2667 I
1737 2632 1817 2674 133,

1110 2692 1164 2727 20.

1065 2750 1196 2786 halitus
1218 2754 1365 2786 naturae
1386 2750 1442 2786 dei
1466 2749 1483 2786 Ι
1503 2750 1580 2792 362,
1604 2750 1658 2786 14.
1682 2749 1735 2786 15.
1758 2750 1812 2786 17.

1110 2811 1154 2854 ct.
1175 2809 1191 2845 1
1209 2810 1286 2852 362,
1305 2810 1358 2846 19.
1377 2820 1439 2856 per
1455 2808 1605 2845 halitum
1622 2808 1818 2856 prophet-e

1113 2868 1130 2904 I
1152 2869 1229 2912 366,
1253 2870 1285 2905 2.
