2028 3204
269 232 354 276 408
702 243 759 279 IV.
793 243 846 280 De
876 245 1004 279 natura
1034 246 1072 280 et
1101 243 1237 291 origine
1267 244 1406 280 animae

269 366 496 411 adtendere
516 379 642 421 quam
660 370 894 408 monstrosa
917 366 1073 408 euadat
1095 366 1235 409 anima
1251 366 1411 409 iuuenis
1436 366 1522 409 siue
1545 366 1664 418 senis,
1686 367 1722 409 si
1746 368 1833 410 eius

264 431 480 475 brachium
511 431 776 486 praecidatur
802 430 987 476 infantis.
1015 431 1211 474 contrahit
1235 432 1346 474 enim
1371 445 1425 483 se,
1454 436 1501 474 ut
1527 432 1644 483 dicim
1671 433 1834 475 animae

265 510 426 548 manus,
454 509 505 537 ne
528 496 622 550 ipsa
649 495 769 538 etiam
795 508 887 538 eum
911 508 1038 538 manu
1054 497 1233 550 corporis
1259 501 1500 550 amputetur,
1529 501 1566 539 et
1591 497 1637 539 in
1663 497 1768 540 alias
1795 510 1836 541 se

265 565 398 615 partes
417 561 594 614 corporis
613 560 810 604 densendo
828 560 1036 604 concludit.
1066 575 1115 604 ac
1131 574 1206 616 per
1221 562 1300 604 hoc
1318 562 1420 604 illud
1438 562 1602 604 animae
1620 561 1835 605 brachium

266 641 393 683 quam
418 627 541 669 breue
560 627 741 681 corporis
759 626 854 677 fuit,
872 626 983 669 unde
999 632 1217 682 acceperat
1233 626 1424 679 formam,
1452 631 1539 669 tam
1559 627 1682 670 breue
1699 640 1836 671 serua—

263 693 378 734 bitur
399 692 648 747 ubicumque
675 695 876 743 seruetur,
901 692 999 747 quia
1022 692 1202 747 perdidit
1226 691 1418 744 formam,
1443 693 1558 735 cuius
1581 693 1835 735 incremento

262 762 405 813 posset
448 758 606 813 pariter
642 770 832 799 erescere.
884 757 970 799 exit
1006 770 1099 811 ergo
1133 758 1274 800 anima
1308 757 1468 800 iuuenis
1502 761 1576 799 aut
1610 758 1731 809 senis,
1766 759 1837 813 qui

264 836 436 865 manum
483 836 578 865 cum
616 827 724 864 esset
763 835 916 877 paruus
951 822 1105 874 amisit,
1141 822 1299 865 habens
1334 823 1501 878 quidem
1536 822 1640 865 duas
1675 836 1835 874 manus,

264 889 362 944 quia.
373 902 457 931 una
467 888 671 943 refugiens
686 901 766 930 non
781 892 845 930 est
859 892 1080 942 amputata
1094 901 1189 930 cum
1204 901 1384 943 corpore,
1396 888 1465 930 sed
1481 887 1655 930 alteram
1669 888 1838 933 iuuena-

262 954 344 996 lem
362 953 430 995 uel
450 953 633 1005 senilem,
653 952 827 995 alteram
847 966 943 995 uero
965 953 1071 995 sicut
1089 953 1271 1008 primum
1298 953 1434 996 fuerat
1463 953 1708 996 infantilem.
1735 953 1838 996 tales

263 1019 438 1070 animas,
462 1019 580 1061 crede
603 1019 717 1070 mihi,
738 1031 820 1061 non
842 1018 974 1060 forma
996 1019 1176 1073 corporis
1197 1019 1313 1071 facit,
1336 1019 1406 1060 sed
1430 1018 1576 1061 erroris
1596 1017 1838 1061 deformitas

265 1083 402 1139 fingit.
434 1097 517 1126 non
538 1084 640 1126 mihi
658 1084 811 1126 uideris
831 1084 885 1125 ab
905 1084 984 1125 isto
1006 1096 1139 1126 errore
1159 1096 1277 1138 posse
1298 1085 1397 1135 erui,
1418 1083 1497 1125 nisi
1514 1083 1591 1126 deo
1611 1083 1838 1126 adiuuante

263 1149 484 1204 diligenter
509 1149 832 1191 consideraueris
856 1149 946 1191 uisa
971 1149 1270 1191 somniantium
1297 1153 1338 1191 et
1364 1149 1461 1191 inde
1487 1149 1726 1203 oognoueris
1752 1162 1839 1191 esse

264 1215 470 1270 quasdam
514 1228 620 1270 quae
665 1228 748 1256 non
792 1214 878 1256 sint
923 1227 1106 1269 corpora,
1153 1214 1223 1256 sed
1268 1214 1559 1256 similitudines
1604 1226 1834 1269 corporum.

264 1280 456 1335 quamuis
477 1280 587 1322 enim
610 1284 652 1322 et
669 1293 717 1322 ea
740 1292 846 1334 quae
869 1279 1020 1322 similia
1042 1279 1282 1334 corporibus
1304 1280 1532 1334 cogitamus
1553 1292 1606 1320 ex
1626 1292 1673 1321 eo
1693 1292 1839 1334 genere

265 1346 363 1396 sint,
377 1350 533 1397 tamen,
547 1345 657 1400 quod
673 1345 726 1387 ad
742 1348 928 1387 mortuos
941 1345 1120 1396 adtinet,
1136 1345 1274 1400 aptior
1289 1345 1524 1387 coniectura
1536 1344 1587 1386 de
1601 1344 1841 1387 dormienti-

264 1410 341 1452 bus
360 1411 538 1453 ducitur.
574 1424 707 1466 neque
726 1411 837 1452 enim
856 1410 1012 1452 frustra
1029 1423 1097 1451 eos
1116 1410 1188 1465 qui
1206 1410 1361 1452 mortui
1377 1414 1476 1452 sunt
1493 1409 1678 1465 appellat
1695 1414 1841 1451 sancta

265 1476 469 1531 scriptura
517 1476 782 1526 dormientes,
820 1476 900 1517 nisi
948 1476 1045 1531 quia
1079 1479 1142 1517 est
1175 1475 1482 1530 quodammodo
1515 1475 1840 1530 consanguineus

265 1541 338 1583 leti
367 1554 500 1596 sopor.

374 1618 495 1660 XIX.
516 1619 579 1660 29.
601 1618 779 1660 Proinde
798 1618 831 1659 si
848 1618 987 1660 anima
1006 1630 1153 1673 corpus
1173 1623 1281 1660 esset
1300 1622 1342 1659 et
1359 1630 1552 1672 corporea
1571 1621 1680 1659 esset
1691 1616 1838 1672 figura,

266 1684 309 1725 in
332 1697 414 1738 qua
436 1696 478 1725 se
500 1683 618 1726 uidet
639 1683 681 1725 in
703 1683 869 1734 somnis,
894 1696 940 1724 eo
963 1683 1072 1737 quod
1094 1683 1146 1724 de
1168 1695 1334 1738 corpore
1358 1683 1443 1724 eius
1466 1682 1611 1724 fuisset
1633 1694 1838 1737 expressa,

266 1748 404 1791 nullus
422 1749 641 1791 hominum
661 1748 845 1789 membro
868 1748 1047 1803 corporis
1070 1753 1289 1802 amputato
1316 1748 1422 1790 sicut
1447 1760 1493 1789 eo
1518 1752 1646 1801 caret,
1670 1747 1730 1790 ita
1753 1747 1842 1790 sine

265 1814 336 1856 illo
371 1827 414 1856 se
446 1813 609 1856 uideret
642 1814 685 1855 in
719 1813 886 1864 somnis,
921 1813 991 1854 sed
1025 1813 1165 1868 potius
1199 1825 1359 1868 semper
1392 1813 1613 1867 integrum,
1650 1825 1697 1854 eo
1731 1811 1842 1867 quod

265 1879 431 1921 animae
470 1879 599 1934 ipsius
636 1878 739 1920 nihil
775 1878 901 1920 fuerit
936 1883 1216 1933 amputatum.
1270 1891 1364 1920 eum
1401 1890 1497 1920 uero
1534 1876 1759 1932 aliquando
1796 1890 1840 1919 se

266 1945 447 1998 integros
468 1944 654 1995 uideant,
676 1943 902 1999 aliquando
922 1948 1078 1994 autem,
1103 1944 1208 1986 sicut
1230 1948 1342 1994 sunt,
1365 1956 1418 1984 ex
1437 1955 1698 1997 quacumque
1718 1946 1840 1997 parte

268 2015 497 2060 truncatos,
534 2009 632 2065 quid
669 2008 781 2052 aliud
818 2010 899 2051 ista
933 2022 996 2050 res
1032 2009 1155 2050 docet
1191 2009 1269 2050 nisi
1303 2008 1487 2050 animam
1524 2008 1632 2049 sicut
1665 2007 1842 2050 aliarum

267 2087 402 2117 rerum
423 2088 527 2131 quas
550 2075 678 2117 sentit
700 2075 742 2116 in
764 2075 916 2116 somnis
938 2075 998 2116 ita
1020 2078 1063 2115 et
1085 2074 1266 2129 corporis
1289 2075 1412 2116 modo
1436 2073 1506 2124 sic,
1530 2072 1654 2115 modo
1676 2072 1734 2114 sic
1754 2085 1838 2114 non

368 2220 387 2253 2
405 2219 504 2254 Vinc.
524 2219 645 2254 Victor
736 2220 776 2254 18
794 2219 836 2254 cf.
858 2218 875 2253 I
891 2217 1007 2254 Thess,
1027 2219 1056 2260 4,
1078 2218 1118 2252 12
1216 2217 1258 2252 cf.
1278 2216 1379 2263 Verg.
1397 2217 1481 2252 Aen.
1500 2218 1530 2259 6,
1550 2217 1616 2253 278

369 2309 386 2342 1
422 2307 591 2343 attendat
604 2306 686 2343 BC'I
702 2307 902 2343 attenditur
914 2307 944 2342 T
960 2306 1116 2342 attendis
1127 2306 1145 2341 b
1226 2309 1390 2353 quamors
1406 2310 1461 2341 tro
1477 2305 1627 2352 seuadat
1643 2306 1675 2340 A
1738 2314 1838 2340 mon·

268 2371 403 2403 struose
424 2368 455 2402 E
532 2366 865 2412 monstroseauadat
884 2367 919 2402 H
994 2365 1082 2412 siue]
1107 2369 1172 2402 aut
1190 2366 1226 2401 H
1316 2367 1337 2402 2
1362 2365 1525 2401 brabium
1546 2366 1579 2400 A
1650 2366 1673 2400 4
1688 2364 1842 2410 corporis

268 2430 386 2473 partes
397 2427 434 2462 H
558 2426 737 2463 densando
753 2427 826 2462 de
841 2425 1074 2462 distendendo
1085 2426 1116 2460 E
1251 2424 1473 2461 concluditur
1486 2424 1516 2458 B
1637 2423 1798 2460 brabium
1810 2425 1843 2459 A

269 2487 290 2522 5
302 2486 417 2523 breuis
428 2487 459 2522 E
549 2490 690 2532 ceperat
709 2486 885 2522 ABCde
908 2486 1098 2531 coeperatl
1191 2485 1342 2520 formam
1359 2485 1461 2520 om.T
1559 2485 1581 2520 6
1605 2483 1679 2520 eius
1695 2483 1794 2519 cuius
1813 2482 1844 2518 E

270 2548 289 2582 7
310 2546 422 2592 possit
440 2547 472 2582 Ε
497 2550 616 2592 potest
635 2546 671 2581 H
754 2546 845 2582 exiit
864 2545 983 2582 ABG]
987 2545 1018 2580 T
1095 2545 1156 2591 qui
1181 2543 1342 2591 manum]
1367 2543 1569 2579 cumanima
1588 2545 1621 2579 A
1637 2545 1682 2578 ci‘i
1696 2552 1842 2578 manum

270 2607 395 2651 (manu
407 2606 449 2651 C)
464 2605 546 2642 BCI
609 2607 629 2642 8
641 2606 749 2642 abens
761 2608 793 2640 A
855 2609 934 2641 tuas
946 2606 979 2640 A
1038 2604 1060 2640 9
1070 2607 1262 2649 amputati'i
1275 2603 1306 2638 B
1369 2603 1559 2639 iuuenilem
1569 2603 1660 2638 codd.
1671 2604 1800 2648 prodet
1810 2601 1844 2636 D

271 2667 311 2702 10
329 2676 412 2702 uero
430 2667 533 2702 om.T
607 2667 650 2702 12
665 2665 799 2712 fingiA
875 2665 916 2701 13
931 2663 1213 2700 omniantiumA
1298 2665 1340 2698 14
1357 2662 1510 2710 quedam
1523 2663 1555 2698 T
1627 2661 1690 2698 sed
1705 2661 1844 2697 omAH

272 2726 312 2760 15
329 2737 372 2761 ea
388 2725 495 2772 quae]
510 2728 607 2772 etaq3
620 2725 651 2761 A
667 2735 747 2772 eaq;
759 2725 788 2760 Ο
872 2725 913 2760 18
924 2723 1202 2770 consanguineus
1216 2722 1311 2767 Β(ιή
1324 2733 1389 2769 my.
1404 2722 1418 2759 1
1434 2720 1640 2766 consimilis)
1709 2721 1752 2757 20
1768 2730 1843 2756 cor·

271 2794 358 2829 pora
369 2784 398 2821 0
473 2786 514 2821 21
532 2789 623 2821 esset
634 2785 676 2827 E,
689 2777 778 2821 om]
877 2784 920 2820 23
934 2794 970 2819 se
987 2783 1071 2819 om]
1178 2782 1296 2818 uidere
1307 2783 1341 2818 A
1356 2781 1497 2817 uidetE
1570 2781 1614 2816 24
1628 2791 1653 2816 α
1666 2790 1747 2816 uoce
1761 2790 1841 2816 eum

269 2844 337 2879 inc.
357 2854 383 2880 c.
403 2844 501 2880 XIX
510 2844 528 2879 b
589 2844 632 2880 26
649 2848 831 2880 troncatus
842 2843 870 2879 C
939 2844 981 2880 27
997 2841 1108 2878 sensit
1117 2842 1226 2878 ΛΕΜ
1284 2839 1486 2886 οοτρατίεΗ
1493 2839 1557 2887 (ris
1573 2851 1598 2876 ε.
1611 2840 1634 2876 1.
1645 2841 1718 2885 ml)
