2028 3204
311 217 389 261 676

312 340 477 386 inpendo:
501 349 639 384 operam
662 337 818 372 creandis
838 337 922 371 filiis
940 337 1061 383 inpen-

357 401 444 434 ‹lunt
470 398 504 432 ΙΙ
527 400 602 438 201,
628 400 679 432 10.
715 400 904 431 nocturnas
925 396 1060 442 aliquas

358 460 458 492 horas
485 457 625 491 lectioni
655 456 688 490 11
716 456 791 496 252,
820 456 871 490 15.
911 459 1059 490 mortem

356 529 418 562 pro
444 516 610 550 fratribus
637 515 650 549 I
678 516 751 557 116,
777 516 829 550 22.

311 576 488 622 inpensius
506 575 602 620 loqui
620 586 681 620 pro
700 574 855 620 paruulis
877 573 892 608 I
912 575 986 615 149,
1008 574 1058 609 18.

310 635 568 680 inperfectionis
593 634 746 679 cognitio
775 633 789 668 I
814 634 891 675 508,
918 635 969 668 14.

311 694 476 740 inperitia
502 693 515 728 l
540 695 595 735 60,
619 695 650 728 3.
675 694 751 734 379,
779 693 829 728 15.

310 754 500 799 inpetratio
524 753 656 798 gratiae
684 752 698 786 I
723 753 799 794 208,
824 753 876 787 20.

311 814 467 858 inpingo:
494 813 631 847 actibus
655 811 865 846 militaribus
889 815 1060 856 occupato

355 873 488 918 aliquid
520 871 762 917 opusculorum
795 871 977 916 legendum
1010 871 1060 905 in-

356 932 495 977 pingere
522 931 557 965 II
582 932 657 973 213,
684 931 735 965 18.

311 991 537 1036 inpinguetur
552 994 658 1036 caput
673 990 747 1024 eius
762 989 866 1035 (oleo)
884 989 898 1023 l
914 990 989 1031 357,
1007 990 1058 1024 25.

311 1051 452 1096 inplico:
469 1049 619 1095 grauiori
634 1049 767 1095 corpori
780 1049 959 1094 inplicitus
975 1048 990 1083 I
1004 1050 1060 1090 30,

356 1111 408 1145 23.
456 1121 490 1144 se
523 1109 623 1143 malis
655 1108 859 1154 poenalibus
890 1108 1062 1154 inplicant

359 1169 373 1203 I
405 1170 479 1210 216,
512 1170 563 1203 24.
608 1168 812 1213 quaestione
843 1179 877 1203 se
907 1167 980 1213 ipse
1009 1168 1061 1202 in-

356 1228 523 1273 plicuerat
547 1227 561 1262 I
581 1228 657 1268 308,
680 1229 708 1262 1.
742 1227 810 1261 ista
828 1227 987 1272 inplicati
1007 1238 1061 1261 su-

356 1288 475 1332 perbia
498 1287 512 1321 I
533 1288 610 1328 510,
632 1288 661 1321 9.
697 1290 736 1321 ut
757 1287 893 1332 possint
912 1298 970 1321 eos
990 1287 1062 1321 suis

358 1347 489 1381 retibus
512 1346 678 1391 inplicare
705 1346 719 1380 l
743 1347 819 1387 542,
844 1346 874 1380 5.

310 1406 501 1451 inportuna
523 1406 732 1451 inquietudo
759 1405 774 1439 I
798 1406 874 1447 452,
898 1406 929 1440 3.

310 1466 492 1511 inpositio:
529 1477 588 1511 per
623 1465 816 1499 orationem
852 1475 977 1499 manus
1010 1465 1062 1499 in-

355 1525 539 1570 positionis
562 1524 775 1559 sanctificari
802 1524 816 1558 I
843 1525 917 1566 113,
943 1525 994 1559 18.

311 1585 562 1629 inpossibilitas
588 1584 603 1618 I
628 1585 703 1625 223,
730 1585 780 1619 18.
807 1584 882 1625 228,
907 1585 959 1618 21.
986 1584 1061 1626 244,

357 1645 409 1678 21.
436 1645 510 1684 294,
537 1645 566 1678 2.

310 1703 475 1748 inprimo:
506 1703 599 1748 quod
627 1702 675 1736 ibi
704 1713 764 1747 per
790 1702 978 1747 imaginem
1007 1702 1063 1737 dei

354 1762 547 1808 inpressum
563 1766 615 1796 est
633 1761 647 1795 Ι
663 1763 737 1802 202,
754 1763 807 1802 20,
823 1762 865 1805 cf.
884 1761 991 1802 1400,
1007 1762 1060 1797 21.

311 1821 546 1867 inprobabiles
566 1821 703 1855 fabulae
726 1821 739 1855 I
759 1823 813 1862 31,
835 1822 865 1855 7.
899 1821 927 1855 si
946 1821 1062 1866 inpro-

357 1881 483 1915 babilis
502 1881 686 1925 detegatur
709 1880 722 1914 I
743 1881 819 1921 357,
841 1882 859 1915 7
879 1897 912 1908 =
931 1881 1008 1922 376,
1029 1882 1060 1916 4.

356 1941 432 1981 379,
458 1942 488 1975 4.
514 1941 590 1981 417,
616 1941 668 1974 ‘21.
920 1929 924 1934 '

310 1999 525 2045 inprobatio:
559 1999 705 2034 cauendi
736 1999 934 2034 euidentius
965 2010 1062 2045 aper-

355 2059 443 2093 tiore
481 2058 726 2104 inprobatione
764 2062 1006 2093 monstrantur
1046 2058 1062 2093 Ι

357 2119 432 2159 424,
457 2119 489 2159 3,
514 2119 558 2161 cl.
586 2117 621 2151 ΙΙ
645 2119 720 2158 203,
745 2118 776 2152 8.

310 2177 454 2223 inprobe
484 2177 648 2211 uidentur
674 2177 809 2211 inruere
837 2176 1014 2222 baptismo
1046 2176 1061 2211 I

356 2237 409 2278 24,
427 2236 478 2271 15.
507 2247 577 2270 non
593 2240 666 2270 tam
682 2236 827 2281 inprobe
843 2236 1008 2271 asseritur
1026 2235 1061 2270 II

355 2296 409 2337 64,
436 2297 471 2337 1;
496 2296 539 2339 ct.
567 2294 602 2329 II
626 2295 679 2336 68,
706 2296 735 2330 2.

310 2354 474 2401 inprobo:
498 2365 587 2400 quae
609 2365 694 2388 sana
715 2354 875 2388 doctrina
895 2354 1062 2400 inprobat

358 2414 374 2449 Ι
406 2415 483 2456 419,
518 2415 570 2449 10.
615 2413 800 2459 inprobare
834 2414 1060 2448 assertionem

359 2473 374 2508 Ι
409 2474 484 2514 242,
518 2473 569 2508 15.
606 2472 815 2507 sententiam
851 2473 865 2507 I
897 2474 973 2515 304,
1006 2474 1059 2508 22.

356 2532 593 2568 humilitatem
620 2531 635 2566 I
658 2532 735 2573 336,
761 2532 812 2567 19.

311 2592 496 2638 inprobum
526 2591 814 2637 obstinatumque
843 2591 1012 2626 iudicium
1046 2591 1062 2626 I

329 2651 335 2657 '
358 2652 436 2693 357,
462 2651 503 2687 10
521 2667 554 2679 =
573 2651 650 2692 376,
676 2651 727 2686 12.
754 2651 805 2686 14.
833 2651 884 2685 18.
911 2651 963 2685 22.

311 2710 622 2757 inpudentissimus
645 2710 759 2756 pudor
785 2709 819 2744 11
846 2710 919 2751 147,
946 2710 998 2746 10.

311 2770 519 2815 inpudenter
546 2769 591 2805 ab
616 2768 871 2816 inpudentibus
897 2768 1064 2804 laudatur

357 2827 395 2865 ΙΙ
418 2829 494 2870 212,
519 2829 571 2864 15.

727 218 792 254 III.
820 218 929 254 Index
953 217 1139 253 uerborum
1163 220 1200 252 et
1223 216 1459 252 elocutionum

1132 335 1317 382 inpunitus
1353 335 1396 370 de
1431 334 1632 381 praeteritis
1669 335 1685 370 I
1721 336 1798 378 282,
1835 338 1888 373 14.
1948 377 1949 381 Ἰ

1178 395 1245 430 fiat
1286 394 1489 440 inpunitum
1531 405 1594 440 per
1633 394 1889 442 indulgentiam

1179 458 1404 500 peccatorum
1432 453 1447 488 1
1471 454 1548 495 541,
1573 454 1626 490 26.

1133 514 1276 560 inputo:
1298 517 1339 548 ut
1358 513 1394 548 in
1414 516 1597 559 peccatum
1618 524 1688 548 non
1706 513 1891 560 inputetur

1182 573 1217 607 II
1237 573 1315 614 240,
1336 573 1388 608 18.
1410 574 1486 614 241,
1509 573 1560 608 16.
1582 573 1658 615 248,
1678 573 1710 608 5.
1732 574 1768 615 73
1787 575 1831 618 cs.
1854 573 1890 609 11

1202 657 1207 665 .
1227 659 1234 673 ‚
1262 634 1290 667 1.

1133 634 1379 737 imiliietudine
1406 691 1572 726 sollicitat
1600 691 1615 726 I
1641 692 1718 734 452,
1745 693 1776 728 3.

1133 762 1344 808 inquilinum
1376 773 1589 808 quemquam
1630 773 1712 798 suae
1752 763 1890 798 habita-

1179 821 1269 857 tioni
1293 822 1489 868 prospicere
1515 821 1530 856 I
1554 823 1630 863 342,
1656 823 1687 858 3.
1767 863 1770 865 ,

1133 881 1457 927 inquinamentum:
1504 881 1660 916 animam
1705 881 1891 927 perhibent

1179 952 1259 976 cum
1283 940 1418 975 meritis
1441 940 1787 986 inquinamentorum
1812 952 1890 976 suo-

1180 1011 1256 1035 rum
1273 1000 1391 1035 uenire
1406 1000 1443 1034 in
1459 999 1610 1035 hominis
1625 1011 1762 1035 carnem
1781 1000 1796 1035 I
1812 1001 1888 1043 526,

1182 1062 1233 1095 11.

1133 1119 1349 1165 inquinatio:
1366 1118 1520 1153 animam
1536 1118 1664 1153 bonam
1679 1130 1741 1164 pro
1757 1119 1891 1154 meritis

1178 1178 1435 1224 inquinationis
1485 1189 1566 1213 suae
1617 1189 1677 1223 per
1718 1178 1814 1213 cibos
1855 1182 1892 1214 et

1179 1243 1304 1284 potum
1326 1237 1444 1272 uenire
1464 1237 1501 1272 in
1521 1237 1698 1272 hominem
1723 1237 1737 1272 I
1758 1238 1835 1279 526,
1856 1238 1888 1273 6.

1134 1298 1310 1343 inquinari
1332 1297 1487 1332 animam
1509 1297 1675 1332 meruisse
1700 1296 1715 1331 I
1735 1298 1812 1339 307,
1836 1299 1888 1332 14.

1182 1358 1233 1393 16.
1259 1359 1313 1392 20.
1337 1358 1392 1392 31.
1417 1357 1494 1398 333,
1520 1356 1572 1391 15.
1597 1356 1674 1397 345,
1700 1357 1730 1391 7.
1756 1357 1809 1392 26.
1835 1357 1888 1392 29.

1180 1417 1256 1458 368,
1281 1418 1312 1452 3.
1339 1417 1370 1451 6.
1398 1417 1439 1451 10
1463 1418 1520 1451 cet.

1135 1476 1309 1522 inquirere
1334 1479 1453 1510 actum
1481 1475 1497 1509 l
1521 1476 1597 1516 322,
1626 1476 1677 1510 19.
1717 1474 1745 1510 si
1770 1478 1889 1510 autem

1181 1536 1223 1570 de
1247 1546 1310 1570 sua
1336 1535 1468 1580 origine
1491 1534 1649 1579 inquirat
1686 1533 1701 1568 I
1732 1535 1807 1575 386,
1836 1534 1887 1570 17.

1180 1595 1287 1630 etiam
1321 1605 1479 1640 quaeque
1512 1593 1652 1628 in'terna
1677 1593 1786 1629 oculis
1814 1604 1887 1628 cor—

1180 1654 1274 1700 poris
1300 1653 1488 1700 inquisiuit
1517 1653 1531 1687 I
1559 1653 1636 1694 386,
1668 1654 1697 1688 1.

1135 1714 1320 1759 inquisitio
1345 1713 1360 1748 Ι
1383 1714 1436 1755 98,
1459 1713 1511 1748 26.
1535 1712 1612 1754 519,
1638 1713 1690 1748 10.

1134 1784 1252 1830 inquit
1274 1784 1348 1819 sine
1370 1784 1513 1818 subiecto
1536 1794 1562 1818 e.
1586 1795 1633 1829 qr.
1661 1782 1676 1818 1
1700 1783 1732 1824 8,
1757 1784 1809 1819 17.
1835 1783 1888 1818 25.

1182 1844 1234 1886 15,
1262 1846 1291 1879 1.
1319 1844 1371 1885 18,
1397 1844 1450 1878 25.
1476 1844 1530 1884 91,
1555 1843 1586 1877 5.

1134 1903 1399 1938 inrationabiles
1435 1902 1633 1937 animantes
1671 1901 1706 1936 II
1743 1902 1798 1943 70,
1836 1902 1888 1937 16.

1179 1967 1298 1997 motus
1320 1955 1585 1997 inrationabiles
1612 1960 1627 1996 1
1652 1961 1727 2002 119,
1752 1961 1784 1996 6.

1134 2022 1361 2057 inrationales
1387 2021 1586 2056 animantes
1616 2020 1631 2055 Ι
1659 2021 1735 2062 392,
1764 2022 1795 2055 4.
1837 2019 1889 2054 in-

1180 2081 1368 2116 rationalia
1390 2091 1516 2127 pecora
1542 2080 1558 2114 I
1581 2080 1658 2121 415,
1685 2081 1736 2115 14.

1133 2141 1366 2186 inreligiosus:
1384 2139 1470 2186 quid
1483 2139 1586 2174 nobis
1601 2142 1690 2174 esset
1705 2138 1889 2184 ingratius,

1179 2199 1265 2246 quid
1288 2198 1544 2245 inreligiosius?
1571 2197 1607 2233 II
1631 2199 1707 2240 275,
1734 2199 1785 2233 11.

1134 2258 1453 2305 inreprehensibilis
1479 2257 1494 2293 Ι
1519 2258 1573 2299 79,
1598 2258 1629 2293 9.
1657 2258 1709 2293 10.

1133 2329 1488 2376 inreprehensibiliter
1511 2339 1646 2363 currere
1672 2327 1708 2362 II
1733 2327 1788 2369 20,
1813 2327 1864 2363 15.

1132 2400 1416 2436 inreuocabiliter
1439 2399 1598 2435 obliuisci
1624 2398 1641 2433 Ι
1664 2399 1741 2440 386,
1767 2399 1820 2434 21.

1133 2472 1325 2507 inridenter
1338 2470 1533 2506 contemnis
1545 2473 1719 2506 errantem
1735 2469 1841 2511 1358,
1853 2469 1886 2504 6.

1178 2530 1377 2566 ioculariter
1420 2532 1528 2576 atque
1569 2529 1774 2570 inridenter,
1816 2538 1888 2564 non

1180 2590 1268 2626 serio
1293 2589 1515 2635 grauiterque
1538 2599 1639 2635 agere
1666 2587 1682 2623 I
1705 2588 1784 2630 403,
1808 2588 1862 2623 21.

1134 2649 1283 2685 inridere
1301 2665 1335 2677 =
1354 2648 1568 2684 subsannare
1594 2647 1610 2682 I
1632 2647 1711 2689 319.
1735 2647 1767 2682 7.
1927 2673 1942 2693 .-

1134 2709 1290 2755 inrigant
1307 2718 1418 2743 uenae
1437 2710 1555 2743 totum
1574 2717 1699 2753 eorpus
1720 2705 1737 2741 1
1755 2704 1833 2747 386,
1853 2705 1885 2742 9.

1134 2767 1262 2803 inritus
1287 2766 1401 2803 iactus
1428 2765 1570 2802 seminis
1597 2764 1635 2801 II
1659 2765 1738 2808 318,
1764 2764 1796 2800 6.

1134 2827 1294 2873 inrogare
1305 2825 1477 2862 catholieo
1489 2824 1700 2861 calumniam
1714 2822 1819 2866 1544,
1831 2823 1885 2860 21.
